2575 4200
54 273 134 318 Fam.
149 284 186 316 11.
201 269 252 332 28.]
399 267 568 314 CICERO’S
593 266 767 314 LETTERS.
1060 265 1109 318 271

56 457 178 500 marer.
245 436 314 497 ‘At
347 435 442 497 ludo's
475 455 558 516 quos
600 433 753 497 Caesaris
785 432 943 496 victoriae
988 433 1144 499 Caesar6

54 546 259 608 adulescens
279 543 361 606 lecit
385 542 518 605 curavi’
568 542 617 602 At
640 542 672 603 id
695 542 736 604 ad
761 527 927 623 privatum
953 541 1108 617 officium,

56 674 128 716 non
166 630 211 716 ad
246 661 373 715 statum
406 651 453 712 rei
483 671 514 731 p.
545 651 707 731 pertinet;
732 650 820 732 quod
845 659 957 712 tamen
988 671 1110 713 munus

56 772 94 824 et
132 761 278 823 hominis
322 759 518 822 amicissimi
562 758 742 820 memoriae
781 767 883 840 atque
927 758 1110 821 honoribus

57 879 233 950 praestare
258 868 358 930 etiarn
389 867 512 929 mortui
537 867 648 941 debui,
675 875 708 928 et
734 866 880 948 optimae
905 866 976 946 spei
1001 866 1110 929 adule-

58 978 170 1040 scenti
188 997 227 1040 ac
244 976 443 1058 dignissimo
462 975 606 1039 Caesare
625 975 755 1056 petenti
773 994 895 1056 negare
913 995 981 1037 non
1006 975 1108 1056 potui.

57 1085 151 1148 Veni
183 1085 284 1167 etiam
317 1083 465 1147 consulis
491 1083 623 1145 Antoni
648 1083 782 1145 domum
808 1103 908 1164 saepe
944 1082 1141 1151 salutandi7

58 1214 178 1268 causa3
202 1193 244 1255 ad
269 1212 368 1274 quern
396 1193 452 1273 qui
477 1211 671 1272 meparum
693 1191 820 1272 patriae
845 1201 1013 1253 amantem
1036 1210 1110 1252 esse

57 1301 259 1384 existimant·
279 1300 419 1382 rogandi
442 1300 575 1382 quidem
594 1298 718 1382 aliquid
740 1309 797 1361 aut
820 1299 994 1362 auferendi
1012 1319 1112 1362 causa

57 1408 251 1490 frequentis
294 1407 460 1470 ventitare
504 1407 671 1488 reperies-
727 1406 795 1470 Sed
827 1427 913 1489 quae
944 1407 1027 1470 haec
1060 1418 1111 1469 est

58 1517 268 1598 adrogantia,
296 1517 385 1599 quod
411 1514 536 1578 Caesar
568 1535 751 1597 numquam
782 1515 1006 1596 interpellavit
1031 1515 1111 1596 quin

59 1625 186 1706 quibus
218 1623 338 1686 vellem
372 1633 472 1705 atque
502 1623 603 1685 etiam
635 1643 720 1705 quos
750 1623 822 1704 ipse
851 1643 918 1685 non
950 1623 1112 1704 diligebat

59 1744 179 1795 tamen
211 1732 250 1794 iis
284 1741 406 1805 uterer,
440 1751 498 1794 eos
531 1731 588 1819 qui
621 1731 701 1793 mihi
733 1731 877 1794 amicum
918 1731 1112 1812 eripuerunt

61 1841 232 1921 carpendo
268 1859 323 1902 me
347 1839 480 1902 efficere
514 1839 627 1928 conari
653 1859 695 1900 ne
720 1859 803 1920 quos
828 1839 927 1901 velim
952 1838 1112 1920 diligam?

62 1949 133 2012 Sed
167 1967 234 2010 non
266 1968 384 2010 vereor
416 1967 459 2009 ne
491 1956 549 2009 aut
574 1967 669 2009 meae
693 1947 780 2008 vitae
806 1947 971 2010 modestia
996 1963 1145 2028 parumss

60 2057 208 2120 valitura
225 2055 268 2119 sit
292 2056 325 2118 in
348 2065 520 2138 posterum
546 2063 664 2119 contra
685 2054 789 2118 falsos
812 2075 971 2129 rumores
990 2063 1047 2117 aut
1070 2074 1113 2118 ne

61 2166 166 2227 etiam
184 2164 206 2225 ii
223 2165 281 2247 qui
298 2184 352 2227 me
369 2184 438 2227 non
460 2174 573 2243 amant
594 2175 734 2245 propter
757 2184 864 2226 meam
882 2165 916 2225 in
935 2163 1113 2227 Caesarem

61 2271 290 2336 constantiam
316 2292 384 2335 non
409 2271 526 2334 malint
552 2272 618 2333 mei
643 2292 742 2354 quam
769 2272 820 2334 sui
845 2272 963 2334 similis
989 2272 1113 2334 amicos

62 2382 200 2443 habere.
252 2379 339 2442 Mihi
361 2380 495 2462 quidem
514 2380 542 2442 si
563 2388 680 2461 optata
702 2380 909 2461 contingent,
929 2381 1016 2461 quod
1043 2380 1114 2441 reli·

62 2509 169 2570 quum
193 2498 244 2550 est
261 2488 351 2550 vitae
368 2488 402 2550 in
419 2488 488 2551 otio
507 2487 620 2550 Rhodi
637 2488 756 2569 degam
772 2508 779 2563 ;
811 2487 862 2549 sin
880 2508 977 2550 casus
995 2487 1114 2570 aliquis

62 2596 295 2678 interpellarit,
312 2596 359 2658 ita
372 2615 428 2658 ero
444 2596 572 2686 Romae
585 2605 622 2657 ut
636 2605 728 2658 recte
742 2596 813 2657 lieri
826 2615 959 2676 semper
972 2596 1112 2677 cupiam.

63 2704 227 2766 Trebatio
240 2715 357 2767 nostro
371 2724 509 2785 magnas
523 2723 586 2785 ago
600 2704 735 2784 gratias
751 2704 839 2784 quod
853 2712 948 2765 tuum
966 2723 1045 2785 erga
1062 2724 1115 2766 me

63 2812 216 2877 animum
238 2811 423 2893 simplicem
443 2821 544 2893 atque
561 2812 705 2874 amicum
723 2811 863 2893 aperuit,
882 2821 916 2874 et
933 2813 1021 2894 quod
1039 2832 1115 2874 eum

64 2939 166 3002 quem
197 2940 330 3001 semper
362 2920 508 2983 libenter
536 2919 637 2981 dilexi
666 2940 731 3001 quo
761 2919 867 3001 magis
901 2920 972 2983 iure
1005 2920 1115 2989 colere

63 3038 169 3109 atque
186 3029 364 3090 observare
381 3029 538 3090 deberem
556 3027 647 3090 fecit.
699 3028 790 3089 Bene
803 3028 876 3089 vale
888 3036 921 3089 et
936 3048 989 3089 me
1002 3028 1113 3109 dilige.

99 3228 124 3277 6.
142 3227 245 3277 ludos:
264 3229 297 3276 cf.
309 3230 339 3277 de
356 3231 486 3277 curatione
497 3229 566 3276 ludo·
617 3229 733 3291 pression
754 3229 891 3291 quod...
909 3236 1005 3277 uterer
1023 3230 1045 3276 is
1063 3245 1116 3291 par-

66 3312 136 3350 rum,
169 3296 217 3357 Ep.
242 3296 317 3343 XCI.
341 3309 354 3356 7
382 3297 567 3345 n.—Caesar
618 3296 767 3351 enthetical,
781 3294 832 3342 and
849 3303 902 3343 sets
921 3296 1040 3343 Caesar’s
1058 3311 1117 3343 con-

66 3362 258 3411 adulescens:
276 3379 308 3409 sc.
323 3363 491 3410 Octavianus.
618 3361 680 3410 duct
704 3362 730 3409 in
753 3370 870 3410 contrast
894 3369 921 3409 to
946 3362 1002 3409 that
1027 3362 1055 3409 oi
1073 3363 1117 3411 the

100 3444 124 3488 7.
143 3442 219 3491 quae
238 3463 245 3475 .
265 3463 272 3475 .
290 3463 296 3476 .
316 3429 503 3491 adrogantia:
527 3445 567 3477 ex·
617 3430 741 3476 libertatis
752 3436 873 3476 auctores.

66 3494 173 3558 plained
191 3494 225 3557 by
243 3495 277 3541 its
295 3496 450 3557 appositive,
463 3497 508 3544 the
526 3512 566 3543 ex·
652 3496 676 3543 8.
694 3495 740 3543 sui
765 3494 885 3543 similis:
915 3494 957 3541 for
981 3494 1042 3558 they
1066 3496 1117 3542 had

67 3562 212 3624 clamatory
236 3562 307 3608 infin.
331 3563 426 3617 clause,
452 3578 566 3611 eos...
618 3561 698 3609 killed
712 3562 778 3609 their
789 3561 873 3609 friend
888 3561 1116 3611 Caesen-bene

67 3628 301 3690 conari-quod
312 3663 317 3674 .
330 3663 336 3675 .
347 3664 352 3675 .
363 3629 566 3691 interpellavit:
618 3630 701 3676 vale:
719 3628 753 3676 cf.
772 3628 837 3676 Intr.
858 3627 898 3675 62.
934 3629 1003 3675 Bene
1021 3631 1078 3675 vale
1094 3630 1117 3677 is

67 3710 83 3742 a
112 3695 221 3742 relative
250 3696 338 3743 clause
367 3695 505 3757 explained
534 3695 567 3759 by
618 3703 665 3741 not
677 3694 740 3743 used
750 3694 894 3757 byCicero.
930 3694 979 3748 Cf..
989 3693 1116 3749 however,

67 3762 158 3825 quin.
173 3795 179 3808 .
194 3795 201 3808 .
214 3769 319 3810 uterer.
356 3761 414 3810 The
431 3762 513 3809 entire
527 3777 568 3809 ex·
620 3760 755 3809 Plaut.As.
764 3760 827 3820 606;
847 3760 949 3820 CuriuS,
960 3764 1033 3810 ditm.
1044 3776 1066 3823 7.
1078 3777 1115 3827 29.
