2575 4200
62 261 124 308 Att.
137 275 162 320 4.
178 260 211 325 1.]

418 264 585 314 CICERO’S
611 267 784 317 LETTERS.
1087 276 1120 326 61

62 428 152 490 tatis
177 429 349 510 praeteriti
374 431 535 513 temporis
559 453 677 497 omnes
703 456 854 522 exegero,
881 440 1033 521 profecto
1058 443 1120 508 hac

63 535 287 600 restitutione
312 538 467 602 fortunae
491 560 545 603 me
571 541 642 623 ipse
667 564 735 607 non
765 546 846 609 satis
871 549 1009 630 dignum
1040 551 1120 616 iudi-

63 644 165 706 cab0.
216 645 287 708 Nos
313 647 421 710 adhuc
445 647 479 709 in
505 659 621 712 nostro
647 660 738 714 statu
755 655 844 735 quod
860 655 1055 723 difficillime
1072 682 1152 735 re-3

64 752 213 832 ciperari
243 773 343 834 posse
375 755 527 819 arbitrati
560 779 685 834 sumus,
721 761 933 842 splendorem
967 777 1117 836 nostrum

64 859 166 922 illum
183 860 353 924 forensem
371 872 405 925 et
423 863 456 925 in
475 875 593 927 senatu
619 869 853 934 auctoritatem
874 883 908 936 et
925 877 1012 956 apud
1029 877 1118 941 viros

65 968 179 1030 bonos
201 969 343 1050 gratiam
368 972 474 1054 magis
492 993 590 1054 quam
611 986 776 1057 optamus,
795 985 968 1046 consecuti
986 1006 1116 1063 sumus;

66 1077 104 1138 in
123 1096 160 1138 re
176 1086 288 1140 autem
305 1079 470 1156 familiari,
489 1067 574 1164 quae
591 1087 871 1166 quemadmodum
888 1091 1004 1167 fracta,
1024 1095 1117 1156 dissi-

67 1194 160 1266 pata,
179 1185 309 1266 direpta
326 1187 369 1249 sit
387 1208 454 1251 non
472 1189 615 1271 ignoras,
634 1193 731 1257 valde
756 1196 953 1273 laboramus,
972 1210 1117 1265 tuarum-

66 1312 136 1375 que
153 1303 303 1356 nontam
320 1295 529 1374 facultatum,
548 1320 631 1381 quas
651 1321 714 1384 ego
739 1315 871 1369 nostras
896 1327 971 1371 esse
996 1309 1114 1386 iudico,

67 1421 170 1483 quam
188 1401 402 1466 consiliorum
419 1406 459 1467 ad
477 1406 578 1588 colliy

69 1511 168 1593 quias
186 1521 318 1575 nostras
336 1513 533 1597 indigemus.

580 1411 683 1472 endas
708 1422 742 1477 et
767 1415 1020 1480 constituendas
1046 1419 1116 1481 reli-

577 1519 687 1595 Nunc,
706 1522 771 1584 etsi
787 1525 899 1586 omnia
916 1533 973 1601 aut
992 1527 1117 1608 scripta
1134 1558 1168 1603 4.

68 1639 146 1681 esse
162 1640 183 1682 a
194 1620 262 1682 tuis
275 1621 419 1685 arbitror
434 1633 491 1687 aut
509 1626 609 1690 etiam
627 1629 755 1692 nuntiis
773 1651 811 1694 ac
829 1653 961 1696 rumore
977 1635 1113 1716 perlata,

69 1737 184 1790 tamen
203 1748 243 1790 ea
259 1728 331 1810 ipse
348 1732 490 1795 scribam
508 1735 608 1811 brevi,
628 1758 713 1820 quae
737 1748 772 1800 te
797 1750 878 1820 puto
903 1742 1114 1822 potissimum

70 1855 112 1898 ex
134 1836 219 1898 meis
245 1837 366 1902 litteris
382 1841 468 1904 velle
493 1863 706 1926 cognoscere.
757 1847 808 1910 Pr.
828 1848 943 1912 Nonas
971 1849 1114 1915 Sextiles

71 1947 260 2031 Dyrrachio
277 1969 350 2011 sum
368 1950 555 2031 proiectus,
568 1954 640 2034 ipso
658 1953 713 2016 illo
730 1955 793 2030 die,
812 1976 877 2038 quo
902 1958 954 2021 lex
971 1969 1022 2021 est
1048 1960 1115 2023 lata

68 2057 110 2119 de
142 2056 251 2120 nobis,
311 2057 525 2124 Brundisium
551 2061 628 2125 veni
662 2061 769 2126 Nonis
803 2064 996 2131 Sextilibus.

1063 2068 1114 2132 Ibi

69 2164 150 2227 mihi
168 2164 312 2228 Tulliola
328 2187 402 2230 mea
419 2168 483 2232 fuit
508 2180 642 2251 praesto
668 2172 769 2234 natali
794 2194 854 2236 suo
879 2174 951 2255 ipso
976 2177 1039 2251 die,
1057 2181 1113 2259 qui

70 2302 151 2345 casu
169 2281 256 2343 idem
274 2276 394 2340 natalis
412 2286 482 2339 erat
500 2288 533 2340 et
557 2278 778 2342 Brundisinae
803 2281 952 2346 coloniae
977 2294 1010 2346 et
1035 2294 1113 2348 tuae

68 2390 198 2454 vicinae
224 2388 365 2464 Salutis;
399 2406 484 2470 quae
512 2406 565 2449 res
593 2387 824 2452 animadversa
851 2409 871 2452 a
899 2392 1113 2457 multitudine

69 2518 201 2562 summa
218 2496 494 2560 Brundisinorum
509 2495 733 2577 gratulatione
748 2497 914 2561 celebrata
927 2510 988 2564 est.
1018 2501 1113 2566 Ante

67 2608 157 2670 diem
182 2626 216 2669 vr
241 2607 320 2669 Idus
346 2605 491 2669 Sextiles
515 2603 657 2685 cognovi
680 2604 802 2668 litteris
829 2606 948 2689 Quinti
973 2609 1112 2673 mirifico

66 2715 180 2779 studio
197 2714 344 2778 omnium
362 2721 510 2777 aetatum
533 2721 634 2794 atque
651 2712 815 2788 ordinum,
834 2714 1020 2780 incredibili
1037 2739 1113 2781 con-

64 2857 173 2906 tinction
193 2856 308 2905 between
327 2856 371 2904 the
382 2856 430 2905 fut.
443 2855 496 2904 and
512 2855 561 2904 fut.

63 2923 129 2987 perf.
149 2939 200 2971 was
217 2922 371 2971 introduced
392 2923 447 2970 into
468 2922 562 2970 formal

65 2990 150 3045 Latin,
159 2989 206 3037 but
214 3005 266 3037 was
275 2997 321 3037 not
331 2990 424 3053 always
434 2988 562 3037 observed

63 3057 90 3104 in
102 3056 241 3119 colloquial
256 3055 343 3113 Latin;
362 3055 394 3104 cf.
409 3056 463 3103 Cic.
474 3057 527 3102 Att.
539 3070 561 3118 3.

66 3137 103 3185 19
128 3136 137 3169 1
164 3138 291 3199 nusquam
303 3122 412 3186 facilius
430 3122 497 3169 lianc
516 3124 562 3169 mi-

63 3190 199 3237 serrimam
212 3190 291 3236 vitam
305 3189 347 3236 uel
361 3190 501 3237 sustentabo
513 3191 560 3245 vel,

63 3256 132 3319 quod
141 3256 222 3303 multo
231 3261 269 3303 est
277 3255 375 3309 meli,us
387 3255 501 3302 abiecero.

96 3335 118 3385 3.
138 3322 295 3370 forensem.
316 3323 354 3369 ia
372 3316 401 3369 ais
424 3336 440 3368 a
460 3321 524 3384 lawy
526 3336 559 3369 er.

64 3395 250 3464 -optamusz
268 3387 301 3436 he
312 3387 381 3435 fears
393 3387 434 3436 his
446 3337 560 3450 position

64 3453 222 3570 illiti?
240 3454 559 3583 {lissiniststp‘t

64 3588 107 3635 the
126 3587 242 3635 Palatine
258 3586 310 3634 had
328 3586 394 3634 been
413 3585 559 3651 destroyed,

64 3654 102 3702 his
116 3654 189 3702 villas
206 3651 357 3715 plundered,
372 3652 423 3700 and
444 3652 488 3699 the
507 3659 559 3700 rest

64 3720 91 3766 of
108 3719 147 3769 his
160 3726 284 3781 property
296 3718 347 3765 had
360 3717 424 3766 been
438 3733 468 3766 so
481 3718 560 3781 badly

65 3785 190 3849 managed
202 3785 236 3850 by
246 3785 367 3832 Terentia
383 3783 434 3831 and
453 3785 499 3832 her
511 3784 559 3833 dis·

616 2854 710 2903 honest
722 2854 832 2902 steward
846 2855 1001 2906 Philotimus
1014 2858 1070 2906 that
1079 2858 1112 2907 he

615 2920 700 2969 found
712 2920 817 2969 himself
834 2923 921 2986 nearly
933 2923 1064 2986 bankrupt
1077 2941 1111 2973 on

615 2988 656 3036 his
674 2995 770 3036 return.
806 2988 850 3037 He
867 3005 920 3037 was
938 3005 1002 3038 even
1022 2992 1112 3040 forced

615 3061 643 3101 to
662 3062 708 3117 put
730 3070 764 3117 up
784 3054 825 3103 his
843 3055 974 3104 Tusculan
995 3058 1054 3105 villa
1070 3058 1112 3106 for

615 3121 680 3179 sale;
692 3121 725 3169 cf.
733 3124 788 3169 Au.
799 3136 822 3182 4.
834 3136 856 3169 2.
869 3135 892 3183 7.
901 3151 934 3158 —
944 3123 1043 3183 fracta,
1052 3133 1111 3173 ete:

613 3186 657 3234 for
668 3187 713 3235 the
723 3188 867 3251 metaphor,
877 3189 909 3237 cf.
923 3194 1040 3238 contraxi
1048 3194 1110 3248 vela,

614 3253 662 3315 Ep.
677 3255 707 3301 V.
722 3269 735 3302 2
749 3271 772 3302 n.

647 3334 670 3379 4.
690 3320 825 3370 Tulliola:
843 3322 876 3371 cf.
889 3324 1042 3383 pulchellus,
1063 3324 1109 3387 Ep.

613 3387 644 3433 V.
673 3400 702 3435 ro
720 3388 939 3438 n.—coloniae:
968 3389 1002 3438 its
1029 3391 1112 3438 estab

612 3453 736 3502 lishment
753 3470 783 3502 as
800 3470 816 3502 a
832 3458 928 3503 colonia
946 3456 1025 3505 dated
1042 3457 1109 3505 from

614 3533 644 3578 24
650 3534 663 3583 5
676 3532 725 3567 B..c
761 3521 803 3568 Cf.
824 3522 938 3570 Miiller’s
956 3525 1109 3580 Handluclz‚

615 3585 666 3633 llI
679 3599 778 3651 475-
744 3588 912 3637 -Salutisz
931 3589 972 3637 ior
988 3590 1032 3637 the
1044 3605 1111 3638 erec

614 3653 670 3699 tion
682 3653 735 3700 and
746 3653 939 3701 decorationf
911 3654 939 3701 of
957 3656 1001 3703 the
1014 3658 1110 3719 temple

613 3718 642 3765 of
663 3719 750 3831 SHatlus,
769 3735 812 3767 see
839 3721 885 3767 liv
931 3735 967 3769 10
989 3735 1009 3777 1,
1029 3723 1110 3787 Pliny

712 3736 938 3849 13.9,ancliial
953 3788 1056 3837 Max..8
1072 3804 1109 3850 14.
