2575 4200
199 277 232 331 76
538 277 707 328 ClCERO'S
733 277 906 326 LETTERS.
984 334 987 340 .
1063 274 1126 340 [Ep.
1140 275 1244 323 XVIII.

199 447 397 521 mantinum,
416 446 472 529 qui
490 465 607 508 omnes
624 466 643 508 a
660 444 834 526 perpetuis
851 444 921 507 suis
938 443 1087 506 historiis
1105 463 1147 505 ea
1164 463 1246 525 quae
1277 404 1278 459 l

198 554 266 618 dixi
282 554 370 618 bella
386 562 634 635 separaverunt,
655 561 693 615 tu
716 572 849 634 quoque
874 551 955 614 item
977 550 1109 615 civilem
1135 551 1246 614 coniu-
1278 532 1279 607 l

199 662 362 726 rationem
388 662 429 725 ab
458 660 638 724 hostilibus
667 659 883 742 externisque
911 659 1009 723 bellis
1037 659 1244 741 seiungeres.

199 770 366 853 Equidem
383 771 425 832 ad
442 778 590 832 nostram
615 768 745 831 laudem
773 788 840 831 non
865 767 1008 830 multum
1025 768 1124 830 video
1149 768 1246 830 inter-

199 899 282 953 esse,
298 880 356 941 sed
373 879 414 940 ad
431 877 700 960 properationem
714 896 822 940 meam
835 876 992 959 quiddam
1011 875 1166 950 interest,
1180 896 1246 938 non

198 995 233 1049 te
250 995 445 1068 exspectare
470 987 548 1049 dum
571 987 612 1048 ad
637 985 747 1048 locum
763 984 889 1060 venias,
909 1005 946 1047 ac
972 983 1086 1047 statim
1112 1004 1245 1047 causam

199 1094 288 1157 illam
316 1103 422 1157 totam
452 1103 485 1156 et
514 1103 648 1174 tempus
677 1093 834 1174 arripere,
861 1103 895 1155 et
924 1092 1032 1166 simul,
1060 1091 1088 1154 si
1118 1111 1187 1154 uno
1213 1091 1245 1152 in
1279 1130 1280 1183 l

198 1211 397 1284 argumento
414 1221 545 1284 unaque
561 1201 596 1262 in
613 1195 757 1282 persona
773 1221 869 1263 mens
885 1210 943 1263 tua
959 1209 1031 1263 tota
1046 1199 1244 1274 versabitur,

199 1330 300 1374 cerno
318 1310 382 1372 iam
399 1309 510 1373 animo
523 1319 650 1392 quanto
662 1309 774 1371 omnia
791 1308 944 1372 uberiora
960 1318 1060 1390 atque
1077 1307 1245 1370 ornatiora

130 1421 134 1430 '
198 1418 313 1502 futura
338 1418 414 1482 sint.
475 1418 595 1500 Neque
620 1426 735 1480 tamen
761 1416 878 1498 ignoro
904 1437 1003 1498 quam
1033 1415 1245 1496 impudenter

199 1526 329 1602 faciam,
360 1527 416 1609 qui
444 1526 587 1608 primurn
616 1525 679 1588 tibi
712 1534 844 1588 tantum
878 1525 989 1587 oneris
1018 1524 1245 1605 imponam—
1280 1580 1281 1589 ,

199 1643 312 1714 potest
345 1633 434 1696 enim
471 1633 552 1695 mihi
585 1633 751 1715 denegare
787 1633 962 1713 occupatio
994 1642 1110 1696 tua-
1124 1631 1245 1694 deinde
1280 1628 1281 1699 ξ

200 1742 301 1804 etiam
328 1751 364 1804 ut
390 1761 489 1804 ornes
522 1760 575 1803 me
607 1741 786 1822 postulem.
837 1740 928 1822 Quid
955 1740 983 1803 si
1008 1739 1063 1803 illa
1087 1740 1152 1803 tibi
1177 1760 1243 1803 non
1280 1724 1281 1751 ³

166 1875 181 1925 3
199 1858 295 1912 tanto
311 1869 411 1931 opere
427 1849 584 1912 videntur
600 1849 774 1912 ornanda?
824 1848 892 1911 Sed
914 1857 1037 1923 tamen,
1057 1849 1116 1930 qui
1140 1849 1244 1911 semel

199 1957 419 2021 verecundiae
436 1957 512 2019 finis
529 1957 710 2030 transierit,
723 1977 799 2019 eum
817 1957 904 2020 bene
917 1966 951 2019 et
963 1956 1095 2020 naviter
1111 1967 1244 2039 oportet

200 2085 275 2129 esse
293 2065 531 2147 impudentem.
582 2064 702 2148 Itaque
719 2073 753 2127 te
770 2064 868 2147 plane
893 2065 993 2129 etiam
1018 2074 1119 2147 atque
1144 2065 1244 2128 etiam

200 2194 281 2257 rogo
299 2183 334 2236 ut
352 2183 386 2236 et
410 2193 509 2237 ornes
535 2193 574 2235 ea
590 2173 824 2236 vehementius
849 2174 951 2236 etiam
975 2192 1074 2255 quam
1099 2173 1245 2236 fortasse

200 2282 316 2357 sentis,
344 2281 436 2344 etin
462 2301 502 2344 eo
530 2282 622 2362 leges
651 2281 811 2345 historiae
840 2281 1009 2364 neglegas,
1036 2281 1245 2364 gratiamque

199 2438 285 2487 native
292 2437 361 2495 land,
369 2438 452 2502 Sicily,
459 2437 510 2486 and
518 2436 696 2485 alsoaslretch
747 2436 889 2502 adjectives
901 2437 953 2486 and
970 2437 1080 2488 adverbs
1097 2454 1171 2488 came
1190 2440 1245 2487 into

200 2505 229 2553 of
236 2505 281 2554 the
289 2505 438 2567 campaigns
447 2504 476 2552 of
489 2504 608 2569 Pyrrhus.
625 2504 697 2568 Poly·
747 2520 832 2567 vogue
844 2505 870 2552 in
883 2505 997 2553 Cicero's
1011 2506 1080 2553 time.
1112 2504 1180 2570 Only
1194 2514 1245 2554 two

200 2571 257 2621 bius
275 2579 363 2629 wrote,
381 2570 483 2619 besides
506 2570 546 2619 his
568 2569 697 2618 universal
747 2571 877 2619 instances
900 2571 929 2618 of
958 2572 1010 2619 this
1036 2587 1081 2619 use
1111 2587 1191 2620 occur
1220 2573 1244 2619 in

199 2638 306 2702 history,
318 2653 351 2687 an
366 2645 477 2685 account
493 2636 522 2684 of
538 2636 583 2684 the
600 2651 653 2684 war
668 2636 697 2683 of
748 2637 824 2685 Latin
847 2637 964 2702 comedy,
988 2637 1035 2686 but
1059 2637 1156 2701 having
1178 2652 1245 2686 once

201 2704 352 2753 Numantia.
390 2703 447 2752 The
468 2704 517 2751 last
536 2703 695 2751 illustration
746 2703 830 2751 found
842 2719 858 2751 a
869 2703 992 2763 foothold
1004 2705 1030 2751 in
1045 2704 1089 2752 the
1107 2704 1244 2767 language,

198 2771 221 2819 is
234 2771 371 2834 especially
381 2770 407 2817 in
425 2770 507 2832 point,
522 2769 564 2817 for
575 2784 604 2817 as
624 2769 696 2833 Poly·
747 2770 766 2817 it
785 2769 891 2819 became
909 2771 1014 2835 quickly
1031 2785 1047 2818 a
1062 2770 1175 2819 lavorite
1194 2771 1244 2818 col-

200 2837 258 2886 bius
276 2852 328 2885 was
346 2835 388 2885 led
409 2844 436 2883 to
454 2836 525 2884 write
543 2851 559 2884 a
576 2843 695 2898 separate
746 2836 900 2900 loquialism.
937 2837 978 2885 Cf.
993 2837 1050 2885 Ital.
1063 2838 1121 2885 bene
1132 2836 1184 2885 and
1203 2838 1242 2884 Fr.

199 2904 299 2968 history
311 2903 340 2951 oi
355 2903 400 2951 the
413 2902 572 2951 Numantine
586 2902 651 2949 War
662 2901 696 2966 by
746 2904 808 2950 bien.
836 2902 878 2950 Cf.
886 2904 942 2951 also
954 2920 1023 2960 sane,
1037 2905 1084 2966 Ep.
1099 2904 1172 2951 XVI.
1188 2918 1242 2956 2n.,

200 2970 241 3019 his
251 2969 395 3031 friendship
412 2968 454 3016 ior
470 2969 504 3017 its
522 2969 585 3017 hero
599 2968 694 3031 Scipio,
746 2969 797 3016 and
805 2985 848 3017 see
860 2970 922 3017 lntr.
930 2978 1046 3031 9o.-te
1059 2970 1144 3033 plane
1155 2970 1242 3018 etiam

200 3037 292 3085 Cicero
308 3036 391 3099 hopes
409 3035 466 3083 that
486 3036 613 3083 Lucceius
637 3050 695 3099 may
746 3044 833 3098 atque
847 3037 935 3083 etiam
948 3050 1029 3099 rogo:
1042 3036 1074 3084 cf.
1084 3038 1129 3084 hoc
1140 3043 1163 3083 te
1175 3039 1243 3083 vehe-

199 3102 232 3152 be
243 3102 355 3151 induced
372 3102 405 3166 by
417 3117 433 3150 a
447 3101 544 3150 similar
556 3101 695 3150 sentiment
746 3110 843 3150 menter
853 3105 928 3149 etiam
941 3110 1016 3165 atquc
1026 3104 1101 3151 etiam
1113 3119 1177 3165 rago,
1188 3104 1242 3150 Cic.

200 3178 228 3218 to
245 3184 369 3232 compose
390 3184 405 3215 a
425 3168 520 3230 special
545 3168 696 3215 treatise.-
746 3170 818 3216 Fam.
839 3182 876 3231 13.
897 3180 919 3233 5.
933 3169 1086 3232 3.-leges
1104 3169 1242 3218 historiae

199 3234 695 3300 primum...deindezCiceromakes
746 3235 905 3298 neglegas:
929 3235 962 3283 cf.
982 3235 1037 3283 Cic.
1055 3237 1084 3284 de
1106 3237 1150 3283 Or.
1170 3250 1192 3283 2.
1213 3236 1241 3284 62

200 3312 251 3351 two
264 3308 382 3367 requests
394 3300 423 3348 of
436 3300 572 3348 Lucceius:
588 3299 624 3363 (1)
638 3300 695 3347 that
747 3318 807 3348 nam
820 3304 878 3365 quis
890 3304 969 3349 nescit
979 3304 1096 3364 primam
1108 3318 1159 3349 csse
1170 3303 1242 3349 histo

198 3370 233 3417 he
250 3369 315 3417 shall
328 3368 399 3416 write
414 3382 430 3415 a
447 3374 565 3429 separate
583 3367 695 3422 treatise,
746 3370 802 3415 riae
824 3370 910 3431 legem,
935 3384 966 3415 ne
987 3369 1052 3432 quid
1069 3369 1141 3432 falsi
1162 3370 1242 3416 dicere

200 3436 238 3500 (2)
259 3435 315 3483 that
338 3435 372 3483 he
395 3433 460 3482 shall
484 3433 632 3496 emphasize
656 3433 696 3481 his
745 3435 859 3482 audeat?
883 3435 974 3482 deinde
991 3450 1023 3482 ne
1039 3435 1104 3497 quid
1119 3437 1176 3482 veri
1193 3450 1241 3483 nan

197 3502 399 3552 achievements.
745 3501 860 3549 audeat?
884 3517 996 3564 nequae
1015 3502 1124 3562 suspicio
1142 3504 1241 3564 gratzhe

233 3583 256 3633 3.
274 3572 348 3619 bene
359 3575 387 3615 et
397 3567 518 3615 naviter:
531 3566 633 3616 archaic
642 3564 695 3615 and
745 3570 781 3615 sit
798 3569 826 3614 in
847 3567 997 3616 scribenda?
1022 3584 1138 3630 nequae
1156 3570 1241 3616 simul·

199 3635 346 3698 colloquial.
382 3634 439 3682 The
453 3648 498 3681 use
516 3633 545 3680 oi
561 3634 619 3681 bene
632 3632 695 3681 with
745 3633 1177 3697 tates?haecscilicetfundamenta
1187 3643 1240 3682 nota

199 3702 244 3752 the
266 3702 337 3751 force
363 3700 391 3749 ol
419 3701 492 3749 valde
522 3708 548 3747 to
573 3699 695 3764 intensify
746 3701 941 3748 suntamnibus.
970 3702 1019 3749 See
1031 3699 1087 3748 also
1102 3700 1182 3766 Pliny,
1193 3703 1239 3764 Ep.
