2575 4200
212 197 260 248 188
552 203 719 252 CICERO’S
744 204 917 254 LETTERS.
1111 203 1243 268 [Ep.th

210 367 308 430 video
324 370 412 450 quod
432 369 577 445 timeam,
597 371 662 434 nisi
680 373 768 454 quod
788 372 900 434 omnia
919 380 1000 434 suut
1025 371 1164 446 incerta,
1184 388 1259 433 curn*

211 497 231 538 a
254 476 326 539 iure
349 477 534 540 discessum
560 489 621 553 est,
649 499 712 542 nec
743 480 907 561 praestari
930 480 1108 562 quicquam
1132 488 1244 560 potest,

211 584 307 666 quale
328 585 478 648 futurum
500 587 543 648 sit
565 588 655 668 quod
679 587 825 669 positum
851 597 903 650 est
929 587 963 649 in
988 587 1126 649 alterius
1143 587 1245 648 volun-

211 701 290 767 tate,
310 713 352 755 ne
378 694 484 756 dicam
510 695 657 758 libidine.
709 694 776 758 Sed
801 706 914 758 tamen
940 695 1010 758 eius
1037 695 1142 777 ipsius
1168 695 1246 757 nulla

211 821 246 864 re
262 822 282 863 a
298 821 352 864 me
372 803 523 865 offensus
546 812 598 866 est
623 803 753 866 animus
761 825 769 880 ;
795 813 847 866 est
873 804 961 866 enim
985 801 1137 866 adhibita
1161 803 1195 864 in
1218 823 1247 864 ea

211 929 247 972 re
264 911 336 990 ipsa
353 930 482 972 summa
498 931 518 973 a
534 911 630 974 nobis
649 912 842 976 moderatio.
892 913 938 974 Vt
959 911 1049 974 enim
1072 911 1152 973 olim
1176 912 1247 972 arbi-

211 1018 323 1080 trabar
348 1038 423 1080 esse
452 1039 563 1081 meum
591 1019 695 1083 libere
720 1019 821 1102 loqui,
850 1020 944 1083 cuius
972 1039 1074 1100 opera
1102 1027 1194 1081 esset
1222 994 1262 1078 ini

211 1126 347 1189 civitate
371 1125 519 1202 libertas
546 1126 594 1191 sic
618 1147 658 1191 ea
682 1149 771 1191 nunc
794 1128 917 1191 amissa
943 1127 1025 1189 nihil
1050 1127 1139 1208 loqui
1170 1127 1247 1208 quod

211 1235 361 1296 offendat
385 1244 443 1297 aut
475 1235 562 1298 illius
595 1245 652 1298 aut
682 1256 796 1299 eorum
828 1236 884 1318 qui
912 1236 954 1299 ab
987 1235 1043 1298 illo
1071 1234 1247 1316 diliguntur

210 1342 426 1406 voluntatem.
490 1343 652 1425 Effugere
683 1354 796 1407 autem
828 1344 857 1407 si
886 1344 987 1406 velim
1019 1342 1246 1405 nonnullorum

210 1460 308 1514 acute
325 1462 381 1513 aut
399 1451 508 1515 facete
525 1452 689 1515 dictorum
707 1453 909 1533 opinionem,
927 1451 1018 1514 fama
1034 1450 1151 1533 ingeni
1178 1450 1248 1511 mihi

177 1569 264 1626 aest
288 1559 471 1634 abicienda,
497 1560 595 1642 quod,
622 1560 651 1622 si
675 1580 818 1641 possem,
845 1581 913 1622 non
939 1578 1136 1623 recusarem.
1192 1557 1247 1620 Sed

211 1677 324 1729 tamen
341 1667 413 1748 ipse
435 1666 559 1731 Caesar
583 1668 685 1731 habet
709 1688 845 1749 peracre
869 1667 1036 1742 iudicium,
1056 1676 1100 1741 et,
1118 1677 1158 1728 ut
1187 1665 1248 1728 Ser-

211 1775 293 1849 vius,
320 1775 424 1838 frater
452 1785 540 1851 tuus,
566 1795 664 1858 quern
698 1776 980 1839 litteratissimum
1004 1767 1111 1838 fuisse
1136 1775 1247 1845 iudico

211 1883 309 1946 facile
338 1883 463 1946 diceret
498 1884 585 1947 ‘Hic
613 1904 730 1947 versus
764 1884 871 1947 Plauti
902 1903 969 1946 non
998 1893 1060 1958 est,
1095 1883 1149 1945 hic
1184 1880 1246 1954 est,'

211 1992 299 2074 quod
316 1991 412 2054 tritas
429 1992 517 2054 auris
535 1992 674 2055 haberet
696 1992 852 2055 notandis
877 1985 1057 2074 generibus
1082 1999 1247 2071 poetarum

212 2110 246 2163 et
263 2099 507 2164 consuetudine
524 2100 667 2183 legendi,
688 2100 735 2164 sic
751 2102 850 2165 audio
868 2099 1055 2174 Caesarem,
1075 2120 1153 2162 curn
1171 2097 1249 2159 volu-

211 2209 302 2271 mina
326 2208 390 2271 iarn
415 2207 598 2272 coniecerit
623 2205 902 2290 ἀποφθεγμάτων,
922 2208 951 2271 si
975 2208 1064 2290 quod
1088 2206 1249 2269 adferatur

212 2318 253 2379 ad
278 2337 354 2379 eum
378 2338 438 2398 pro
464 2333 547 2391 meo,
566 2318 653 2399 quod
678 2337 790 2380 meum
814 2338 880 2379 non
906 2316 959 2390 sit,
986 2316 1111 2377 reicere
1137 2314 1248 2386 solere,

246 2516 269 2564 3.
287 2501 370 2550 cuius
388 2515 493 2565 opera:
511 2519 543 2549 sc.
555 2502 582 2549 in
594 2500 639 2549 the
651 2517 710 2564 suo
760 2517 817 2563 pus,
830 2503 888 2549 item
902 2500 981 2548 Dicta
998 2499 1180 2558 Collectanea3
1197 2514 1248 2561 quos

212 2568 330 2630 pression
348 2566 377 2615 of
401 2567 444 2615 the
463 2567 632 2616 Catilinarian
650 2582 710 2615 con·
760 2584 845 2616 onsnes
855 2568 951 2615 libellos
963 2567 1043 2613 vetuit
1054 2568 1190 2627 Augustus
1198 2565 1248 2627 pub

212 2634 320 2698 spiracy.
760 2636 838 2682 licari
859 2636 888 2680 in
913 2634 1027 2694 epistula,
1051 2648 1129 2694 quam
1161 2633 1246 2677 brevem

246 2715 268 2760 4.
289 2701 423 2749 Servius:
438 2701 491 2748 Ser.
506 2700 638 2757 Claudius,
651 2716 710 2748 son·
759 2702 895 2748 admodum
914 2716 943 2747 oc
965 2699 1103 2760 simplicem
1127 2700 1167 2745 ad
1187 2699 1247 2743 Pom-

212 2768 297 2814 in-law
309 2766 338 2814 01
355 2767 399 2814 the
415 2768 517 2814 Roman
535 2767 709 2829 grammarian
755 2770 843 2827 peium
874 2768 1004 2819 Macrum,
1028 2766 1072 2811 cui
1097 2764 1247 2810 ordc'mmaa

214 2835 244 2881 L.
256 2833 345 2882 Aelius
359 2834 425 2881 Stilo
440 2832 482 2897 (cf.
495 2834 565 2881 Suet.
576 2834 606 2880 de
620 2834 708 2881 Gram.
760 2834 916 2880 bibliothecas
944 2833 1109 2894 delegaverat,
1140 2832 1215 2877 asisii.
1235 2856 1247 2860 -

214 2900 248 2962 3),
272 2898 324 2947 and
348 2915 364 2947 a
387 2900 547 2947 well-known
574 2899 659 2947 editor
682 2899 711 2945 of
761 2901 837 2962 quod
861 2913 959 2947 meum
983 2912 1041 2945 non
1067 2898 1125 2949 sit:
1156 2896 1190 2944 61.
1208 2903 1248 2957 pra

214 2965 322 3014 Plautus
334 2966 376 3030 (cf.
387 2966 446 3014 Aul.
458 2966 523 3014 Gell.
535 2981 556 3029 3.
571 2981 592 3030 3.
609 2966 640 3027 1).
667 2966 710 3012 He
760 2967 851 3014 Plane.
861 2966 969 3028 35quod
978 2967 1085 3027 quisquc
1095 2965 1172 3019 damst,
1183 2961 1249 3008 mccl

213 3047 265 3080 was
277 3032 322 3080 the
337 3034 428 3081 cousin
447 3048 476 3080 or
494 3032 665 3080 half-brother
682 3032 711 3079 of
758 3034 857 3079 dixisse
873 3034 1000 3079 decucat..
1015 3067 1020 3077 .
1035 3030 1188 3085 stomachor,
1202 3043 1247 3075 cua

215 3099 309 3147 Paetus
323 3098 366 3163 (cf.
380 3101 432 3146 Ate.
448 3112 467 3145 1.
483 3114 520 3147 20.
534 3114 546 3159 7
561 3118 566 3157 ;
586 3099 709 3158 2.1.12).
759 3101 871 3147 alio'rum
886 3114 936 3145 non
954 3113 993 3145 me
1003 3097 1083 3159 digna
1101 3098 1131 3142 in
1150 3110 1247 3142 mecon·

212 3166 392 3214 —notandis
422 3166 577 3229 generibus
608 3174 709 3229 poeta·
752 3166 884 3228 feruntur
892 3180 903 3221 ;
921 3166 994 3211 Fam.
1007 3177 1030 3223 7.
1044 3176 1083 3225 3²-
1101 3176 1111 3209 1
1129 3164 1171 3209 ais
1183 3163 1247 3210 enim,

213 3246 294 3280 rum:
312 3233 351 3281 ie.
364 3231 397 3295 by
412 3232 529 3294 noticing
546 3233 590 3281 the
608 3233 710 3280 charae·
760 3238 790 3278 ut
805 3247 847 3293 ego
862 3232 1016 3278 discesserim
1031 3229 1071 3291 (to
1083 3228 1197 3289 Cilicia),
1209 3243 1247 3273 om·

213 3298 323 3345 teristics
340 3298 369 3345 of
387 3299 430 3346 the
448 3297 568 3347 different
586 3307 710 3359 poets-
761 3298 805 3349 nia
824 3300 937 3344 emnium
955 3298 1022 3345 dicta
1040 3296 1131 3341 ..in
1150 3310 1191 3342 me
1207 3308 1248 3340 con-

213 3362 440 3428 ἀποῲθεγμάτωνι
471 3364 527 3411 that
557 3365 655 3412 Caesar
682 3364 709 3411 in
752 3364 833 3426 ferri.
870 3363 942 3422 Quid
949 3363 962 3410 1
985 3369 1013 3409 tu
1028 3363 1058 3408 id
1067 3361 1192 3422 pateris?
1209 3374 1248 3405 aaa

213 3430 253 3478 his
277 3431 358 3495 youth
383 3430 460 3478 made
482 3446 498 3478 a
520 3432 658 3479 collection
683 3430 712 3478 of
762 3427 1247 3493 medefendis?nonresistcslequidca

214 3497 356 3545 witticisms
380 3512 418 3546 we
440 3496 519 3545 know
541 3497 609 3545 from
637 3498 709 3545 Suet.
761 3496 891 3557 sperabam
911 3498 946 3542 ita
967 3500 1053 3541 reblata
1068 3509 1107 3539 me
1125 3495 1249 3554 reliquisse

215 3564 266 3608 Iul.
287 3563 318 3625 56
330 3565 460 3626 seruntur
476 3571 500 3609 et
515 3580 531 3610 a
544 3571 626 3624 puero
642 3570 666 3610 et
680 3563 711 3609 ab
757 3578 852 3623 genera
881 3563 1004 3609 dictorum
1032 3574 1149 3606 meorum
1176 3566 1205 3604 ut
1224 3572 1249 3602 cc

214 3629 401 3676 adulescentulo
418 3630 541 3690 quaedam
560 3629 663 3689 scripta,
682 3635 712 3675 ut
758 3629 847 3689 gnossi
862 3644 909 3674 sua
922 3632 1008 3688 sponte
1015 3631 1124 3687 possent.
1164 3624 1201 3672 Oi
1217 3623 1249 3670 the

217 3692 319 3741 Laudes
342 3693 471 3750 Herculis,
489 3695 615 3757 tragoedia
634 3693 711 3742 Oedi·
762 3695 809 3742 ioci
831 3694 960 3743 Ciceronis
981 3692 1007 3740 in
1032 3691 1098 3739 their
1121 3688 1248 3753 published
