2575 4200
218 224 254 274 96
559 225 727 274 CICERO'S
753 226 926 274 LETTERS.
1091 226 1148 291 [Ep.
1162 227 1242 275 Xlllll

220 411 301 472 pora
326 391 501 456 incurrens
529 393 737 456 offenderem
770 393 968 475 quempiam.
1036 394 1137 458 Nunc
1169 404 1201 456 et
1226 393 1247 456 id
1276 433 1277 482 3

191 489 195 497 ’
220 499 331 562 vitabo
349 508 382 561 et
400 499 516 582 loquar
532 501 604 582 ipse
620 510 743 576 tecum,
763 510 796 563 et
819 511 931 563 tamen
956 501 1013 565 illa
1030 523 1115 584 quae
1139 503 1248 564 institu
1276 483 1277 566 J

221 627 311 670 eram
327 608 369 670 ad
389 617 433 681 te,
452 609 479 670 si
505 609 648 671 Romam
665 629 798 684 venem,
818 609 958 674 mittam.
1010 611 1095 673 Puto
1120 611 1207 673 enim
1227 621 1249 670 tc

221 716 486 780 existimaturum
511 737 530 780 a
554 737 607 779 me
632 717 707 780 illos
739 717 842 781 libros
866 738 934 780 non
959 719 1034 781 sine
1058 718 1169 800 aliquo
1194 738 1250 780 meo
1276 701 1277 704 ¹

189 825 394 905 3stomacho
411 845 486 888 esse
511 824 657 888 relictos.
709 825 861 890 Caesaris
885 846 1006 901 amore,
1026 847 1125 908 quem
1150 827 1191 889 ad
1213 845 1251 887 me

220 933 424 1015 perscripsti‚
443 933 541 996 unice
565 933 728 1009 delector;
754 933 928 1015 promissis
950 933 991 997 iis
1011 955 1098 1016 quae
1122 933 1252 997 ostendit
1276 1015 1277 1023 ἵ

221 1061 288 1103 non
317 1041 413 1103 valde
441 1042 581 1122 pendeo.
644 1041 718 1105 Nec
747 1041 822 1104 sitio
852 1041 996 1104 honores
1025 1061 1089 1105 nec
1118 1043 1277 1105 desidero¹

221 1150 370 1231 gloriam,
389 1150 562 1232 magisque
587 1150 658 1213 eius
677 1149 859 1212 voluntatis
885 1150 1146 1231 perpetuitatem
1170 1170 1253 1232 quam

220 1258 456 1342 promissorum
475 1258 599 1321 exitum
617 1267 791 1341 exspecto;
815 1257 889 1320 vivo
912 1268 1024 1338 tamen
1049 1259 1083 1320 in
1109 1279 1148 1322 ea
1170 1257 1254 1321 ambi-

221 1367 312 1428 tione
330 1375 363 1428 et
384 1365 506 1440 labore,
526 1376 694 1448 tamquam
721 1367 754 1428 id
770 1367 858 1449 quod
885 1386 952 1429 non
977 1366 1113 1447 postulo
1138 1386 1254 1447 exspec-

187 1504 203 1548 4
221 1485 299 1538 tem.
350 1475 449 1556 Quod
466 1494 520 1537 me
537 1476 579 1537 de
595 1475 747 1538 versibus
764 1474 926 1538 iaciendis
949 1495 1057 1556 rogas,
1077 1473 1255 1554 incredibile

221 1592 282 1658 est,
310 1583 356 1646 mi
379 1583 493 1657 frater,
519 1603 618 1665 quam
644 1603 760 1665 egeam
790 1593 950 1665 tempore,
978 1602 1040 1646 nec
1074 1604 1156 1646 sane
1188 1581 1255 1646 satis

222 1711 431 1754 commoveor
455 1692 566 1754 animo
585 1693 626 1754 ad
652 1712 692 1754 ea
715 1712 800 1774 quae
817 1691 867 1754 vis
892 1692 1050 1754 canenda.
1100 1687 1257 1753 Διατυπώ

222 1820 392 1864 delevero
422 1799 462 1862 ad
489 1819 528 1862 ea
556 1819 641 1881 quae
670 1800 741 1881 ipse
767 1820 829 1882 ego
859 1819 901 1862 ne
930 1800 1110 1882 cogitando
1136 1801 1256 1882 quidem

222 1928 417 1990 consequor,
433 1917 479 1982 tu,
498 1909 555 1989 qui
570 1927 687 1970 omnes
711 1908 776 1971 isto
801 1907 979 1990 eloquendi
1004 1917 1037 1970 et
1064 1905 1257 1990 exprimendi

222 2037 345 2098 genere
362 2016 536 2097 superasti,
555 2037 575 2078 a
596 2036 650 2078 me
675 2016 787 2097 petis?
837 2017 995 2078 Facerem
1012 2025 1127 2078 tamen
1144 2026 1182 2079 ut
1199 2035 1258 2098 pos·

222 2146 302 2200 sem,
327 2125 395 2200 sed,
423 2126 511 2208 quod
540 2134 574 2187 te
603 2125 740 2188 minime
768 2124 865 2207 fugit,
892 2146 977 2207 opus
1006 2134 1057 2188 est
1084 2126 1126 2189 ad
1154 2135 1260 2208 poema

221 2237 364 2317 quadam
396 2234 498 2296 animi
529 2234 709 2308 alacritate,
745 2254 843 2315 quam
875 2234 974 2315 plane
1006 2234 1087 2296 mihi
1119 2244 1261 2316 tempora

222 2344 377 2425 eripiunt.
419 2342 575 2411 ¹llbduco
600 2362 653 2404 me
679 2341 832 2424 equidem
859 2343 900 2405 ab
925 2342 1017 2404 omni
1044 2342 1092 2405 rei
1117 2343 1261 2424 publicae

222 2472 301 2515 cura
325 2452 478 2533 dedoque
506 2451 639 2525 litteris,
669 2452 728 2513 sed
760 2460 873 2513 tamen
907 2449 1062 2513 indicabo
1093 2450 1157 2513 tibi
1184 2448 1262 2533 quod

222 2559 413 2623 mehercule
438 2559 472 2621 in
497 2559 612 2640 primis
637 2567 672 2621 te
702 2559 846 2622 celatum
864 2558 1026 2621 volebam.
1077 2558 1209 2640 Angor,
1227 2555 1262 2619 mi

124 2654 126 2658 ⁷
223 2668 420 2731 suavissime
451 2668 565 2740 frater,
592 2687 698 2749 angor
727 2667 852 2729 nullam
881 2686 956 2729 esse
987 2686 1057 2729 rem
1090 2667 1261 2748 publicam,

223 2776 315 2838 nulla
346 2776 477 2850 iudicia,
511 2784 732 2857 nostrumque
765 2776 827 2838 hoc
859 2785 993 2856 tempus
1025 2775 1157 2849 aetatis
1185 2771 1262 2857 quod

223 2926 323 2989 loquar
335 2926 398 2988 ipse
413 2933 522 2974 tecum:
541 2924 592 2973 this
606 2940 720 2987 purpose
772 2932 827 2974 tum
845 2942 929 2982 suove,
948 2926 1015 2973 mihi
1030 2926 1133 2989 quidem
1153 2928 1194 2973 uti
1211 2924 1264 2973 vidc-

224 2992 315 3041 Cicero
325 2991 488 3048 abandoned,
498 2992 630 3053 returning
641 2998 670 3039 to
680 2992 720 3041 his
772 2998 825 3049 tur,
851 2991 907 3040 ἔπος
930 2994 967 3039 ad
992 2990 1264 3040 Caesarem-sem

223 3058 332 3121 original
346 3059 415 3121 plan.
449 3059 500 3105 His
515 3058 605 3106 letters
619 3058 649 3106 of
668 3058 720 3107 this
772 3057 879 3111 πώσειςι
892 3058 1004 3121 perhaps
1017 3057 1077 3105 with
1096 3056 1230 3106 reference
1243 3062 1264 3103 to

222 3124 314 3189 period
342 3125 447 3173 contain
474 3140 553 3189 many
576 3125 721 3173 references
773 3124 817 3172 the
842 3123 997 3187 descriptive
1023 3124 1143 3186 portions
1170 3124 1200 3172 of
1230 3123 1264 3171 the

224 3201 252 3240 to
265 3193 309 3240 the
320 3194 351 3239 de
364 3193 403 3239 Re
415 3193 487 3247 Pub,
499 3207 542 3253 ag.
558 3192 587 3250 Q.
593 3192 634 3255 fr.
651 3204 674 3239 2.
691 3204 720 3237 12
772 3206 865 3253 poem;
886 3190 918 3238 ct.
937 3207 999 3255 quos
1016 3198 1045 3238 tu
1062 3192 1134 3248 situs,
1153 3197 1213 3247 etc„
1227 3190 1264 3251 Ep·

225 3259 326 3323 (14).;1
338 3257 510 3317 Att.4.16.;2
525 3257 722 3307 Att6.18.-
774 3257 1264 3321 XXll.4.-superasti:cf.(2.fr.3.

223 3326 352 3375 relictos:
360 3340 404 3373 see
414 3324 477 3372 Crit.
488 3294 608 3386 rippend.
622 3323 721 3387 Tyrrell
774 3337 796 3383 4.
807 3325 881 3383 4tibi
894 3324 968 3371 istius
978 3325 1082 3385 generat
1098 3326 1127 3371 in
1143 3322 1265 3372 scribendo

223 3400 343 3455 suggests
355 3391 450 3454 refictos
465 3391 483 3455 (⁸
491 3389 640 3438 remodeled
647 3389 672 3453 '.)
768 3392 871 3452 prrores
875 3396 963 3451 partes
971 3390 1055 3437 trabuo
1063 3406 1142 3453 quam
1157 3392 1264 3437 mihi.-

256 3473 279 3519 4
298 3459 448 3507 versibus·
474 3456 506 3504 ci.
530 3473 618 3505 versus
641 3470 721 3519 rogas,
774 3457 850 3518 quod
870 3454 1075 3518 (mehercule).
1099 3456 1142 3503 lor
1156 3456 1200 3505 the
1213 3470 1264 3504 acc¹

224 3526 272 3587 Ep.
290 3525 381 3573 XXII.
400 3538 457 3585 4n
500 3522 541 3571 Cf.
559 3524 615 3571 also
635 3523 664 3581 Q
678 3523 720 3586 fr.
774 3522 806 3570 cf
820 3523 878 3570 Ter.
892 3523 952 3569 Hac.
966 3521 1013 3586 645
1031 3538 1110 3570 nosne
1125 3523 1172 3570 hoc
1186 3525 1247 3571 cela
1237 3528 1264 3569 u

223 3605 247 3654 3.
260 3605 316 3651 4..4
352 3592 444 3639 Cicero
457 3590 609 3652 apparently
620 3588 722 3653 yrelded
773 3588 892 3636 tamdiu!
939 3589 1087 3636 Elsewhere
1102 3588 1197 3637 Cicero
1215 3601 1263 3637 uses

223 3665 250 3704 at
268 3658 320 3705 last
341 3666 368 3704 to
392 3656 433 3704 his
453 3656 581 3703 brother’s
605 3664 720 3717 request;
773 3657 803 3703 de
816 3641 868 3717 (or
891 3654 930 3716 in)
952 3654 1011 3702 with
1038 3655 1082 3702 the
1104 3654 1155 3702 abl
1178 3656 1263 3703 ofe
1230 3655 1263 3702 the

224 3722 257 3771 cf
283 3723 312 3781 Q.
328 3724 370 3786 fr.
396 3737 417 3785 3.
441 3735 464 3784 9.
489 3721 505 3769 6
529 3722 604 3768 habeo
626 3722 722 3769 absolu·
774 3721 856 3783 thing,
865 3737 883 3767 e
879 3738 907 3783 g
902 3722 985 3769 debes
997 3722 1146 3769 exasttmare
1159 3728 1261 3771 tenum
