2575 4200
29 252 108 302 Fam.
121 267 147 318 9.
164 252 215 320 15.]
377 251 543 304 CICERO'S
568 252 743 304 LETTERS.
1038 251 1085 326 le

29 432 65 484 et
85 443 196 504 urgeo
215 423 336 498 forum,
356 445 381 486 s,
400 445 426 486 c.
447 423 640 486 scribuntur
664 425 751 505 apud
775 411 957 487 amatorem
980 433 1084 499 tuum,
1142 462 1145 467 ·

28 531 240 593 familiarem
266 551 376 594 meum
385 553 393 608 ;
420 541 452 593 et
478 532 623 613 quidem,
650 553 725 595 cum
752 533 785 594 in
811 541 958 594 mentem
984 531 1085 606 venit,

28 660 147 720 ponor
166 640 209 702 ad
233 639 445 702 scribendum
469 649 502 702 et
527 650 606 702 ante
631 639 729 702 audio
748 661 772 704 s.
792 662 818 703 c.
839 640 872 702 in
890 640 1085 703 Armeniam

28 758 63 809 et
87 747 223 831 Syriam
242 768 316 810 esse
333 748 508 829 perlatum,
522 748 610 831 quod
625 749 658 810 in
675 769 783 811 meam
801 749 1004 811 sententiam
1021 749 1087 811 fac·
1124 802 1126 805 .

28 865 121 918 tum'
137 875 213 920 esse
237 843 376 932 dicatur,
401 877 499 939 quarn
525 857 662 919 omnino
688 857 894 920 mentionem
920 857 1020 920 ullam
1045 857 1087 918 de

28 986 71 1026 ea
90 985 131 1027 re
148 985 225 1028 esse
241 965 374 1029 factam.
424 964 540 1048 Atque
565 965 628 1028 hoc
653 965 757 1028 nolim
774 986 828 1027 me
848 964 949 1028 iocari
972 974 1086 1046 putes;

28 1094 113 1135 narn
135 1073 218 1135 mihi
236 1073 320 1136 scito
344 1073 408 1135 iam
432 1094 451 1135 a
474 1073 609 1155 regibus
634 1073 762 1136 ultimis
785 1073 912 1136 adlatas
938 1093 1012 1135 esse
1036 1072 1086 1133 lit-

28 1191 137 1256 teras
158 1181 280 1264 quibus
300 1181 382 1243 mihi
402 1181 527 1263 gratias
547 1191 648 1263 agant
667 1183 755 1264 quod
773 1202 809 1244 se
826 1202 901 1244 mea
917 1180 1087 1244 sententia

28 1310 136 1371 reges
147 1289 394 1370 appellaverim,
408 1310 492 1372 quos
506 1310 569 1372 ego
583 1310 650 1352 non
667 1291 766 1352 modo
780 1310 877 1372 reges
891 1290 1084 1371 appellatos

29 1399 95 1460 sed
111 1398 251 1460 omnino
265 1407 363 1460 natos
378 1398 578 1461 nesciebam.
616 1398 728 1481 ‘Quid
741 1419 821 1480 ergo
835 1398 920 1461 est?'
946 1399 1084 1472 Tamen,
1106 1424 1119 1474 5

29 1505 199 1588 quamdiu
216 1505 269 1568 hic
287 1505 350 1568 erit
367 1515 482 1568 noster
502 1506 556 1570 hic
578 1507 770 1588 praefectus
787 1507 944 1581 moribus
963 1507 1086 1587 parebo

29 1613 234 1677 auctoritati
258 1624 352 1691 tuae;
377 1635 452 1678 cum
478 1635 557 1677 vero
582 1615 699 1688 aberit,
718 1615 759 1677 ad
784 1615 907 1697 fungos
932 1634 986 1676 me
1009 1624 1086 1677 tuos

31 1721 220 1786 conferam.
271 1723 419 1785 Domum
445 1722 474 1785 si
498 1723 638 1797 habebo,
658 1723 692 1784 in
716 1723 821 1785 denos
841 1723 912 1785 dies
936 1723 1085 1804 singulos

31 1830 268 1912 sumptuariae
285 1830 369 1913 legis
390 1831 461 1893 dies
486 1831 657 1894 conferam
665 1851 672 1906 ;
698 1831 750 1893 sin
772 1840 885 1894 autem
907 1831 1017 1894 minus
1040 1831 1086 1893 in-

31 1958 162 2000 venero
192 1939 280 2020 quod
311 1939 448 2020 placeat,
476 1940 609 2011 decrevi
642 1939 796 2002 habitare
827 1940 914 2020 apud
944 1948 988 2014 te,
1017 1940 1085 2002 scio
1140 1961 1143 1967 ¹
1229 1965 1232 1974 ¹

32 2048 128 2110 enim
147 2067 201 2110 me
219 2047 303 2110 nihil
321 2047 382 2112 tibi
407 2047 536 2129 gratius
556 2047 669 2112 facere
687 2068 796 2129 posse.
846 2048 992 2110 Domum
1013 2047 1086 2111 Sul-

32 2157 149 2219 lanam
179 2144 397 2238 desperabam
428 2156 502 2231 lam,
533 2166 570 2219 ut
598 2156 661 2219 tibi
690 2158 840 2238 proxime
868 2156 996 2237 scripsi,
1027 2158 1085 2219 sed

34 2276 154 2327 tamen
184 2284 253 2326 non
279 2264 394 2328 abieci.
445 2265 499 2327 Tu
527 2265 636 2340 velim,
664 2274 700 2327 ut
727 2265 854 2339 scribis,
882 2265 1085 2344 cum-fabris

67 2437 91 2483 4.
111 2436 205 2486 urgeo
229 2421 341 2472 forum:
369 2422 421 2471 this
441 2438 487 2471 use
508 2422 537 2470 of
589 2421 749 2485 experiente,
775 2422 850 2470 while
873 2422 918 2470 the
940 2422 1085 2471 humorous

32 2505 115 2552 urgeo
131 2489 155 2537 is
180 2488 293 2552 perhaps
308 2488 393 2537 found
416 2489 537 2537 nowhere
589 2488 667 2537 effect
686 2489 708 2537 is
724 2487 883 2550 heightened
901 2489 935 2553 by
947 2488 990 2537 the
1010 2504 1086 2537 unex-

31 2556 95 2605 else.
136 2556 187 2613 Cf,
200 2555 328 2613 however,
340 2559 421 2605 altum
438 2572 536 2618 urgere,
588 2554 682 2618 pected
698 2556 768 2603 form
785 2556 812 2603 in
824 2555 907 2603 which
925 2555 970 2603 the
988 2556 1084 2603 second

32 2623 103 2671 Hor.
127 2623 175 2671 Od.
200 2635 222 2671 2.
245 2636 283 2672 10.
302 2631 536 2671 2.-amatorem
589 2622 741 2670 alternative
756 2623 778 2670 is
792 2631 847 2684 put,
863 2622 900 2669 ad
918 2622 1024 2684 fungos
1038 2637 1084 2671 me

30 2697 121 2738 tuum
134 2706 140 2735 :
153 2690 191 2736 ia.
204 2690 344 2738 Caesarem.
353 2717 386 2723 —
395 2704 487 2753 ponor
499 2690 535 2737 ad
588 2696 655 2737 tuos
673 2688 993 2756 conferam-fungos:
1014 2689 1085 2751 high·

31 2755 243 2805 scribendum:
267 2755 300 2804 cf.
317 2757 394 2817 legem
413 2758 536 2817 conscrip-
587 2755 753 2819 lyesteemed
763 2754 848 2819 bythe
857 2756 982 2803 Romans.
1013 2756 1085 2803 vHor·

30 2828 136 2879 serunt,
150 2822 198 2885 Ep.
212 2822 271 2870 XV.
284 2836 297 2882 7
312 2837 337 2870 n.
373 2822 462 2870 Those
477 2822 535 2870 who
588 2822 656 2869 ace’s
675 2822 820 2884 Epicurean
836 2821 922 2869 friend
941 2822 1032 2870 Catius
1050 2823 1085 2869 in-

31 2889 87 2936 had
112 2888 251 2937 witnessed
272 2888 323 2936 and
343 2888 435 2951 signed
455 2903 472 2936 a
492 2888 535 2937 bill
588 2887 678 2936 eludes
688 2888 760 2936 thern
768 2888 795 2935 in
808 2887 848 2936 his
857 2888 938 2935 listof
949 2887 1084 2937 delicacies

31 2970 105 3003 were
135 2954 193 3003 said
221 2956 349 3003 scribendo
375 2956 537 3019 44744444-
589 2954 654 3017 (Sat.
668 2969 689 3001 2.
702 2968 725 3014 4.
740 2954 793 3016 20);
812 2954 844 3002 cf.
856 2955 913 3003 also
926 2957 998 3002 Fam.
1011 2955 1084 3015 7..26.

32 3022 113 3069 seito
125 3038 131 3067 ι
151 3037 194 3069 see
208 3023 256 3084 Ep.
267 3022 302 3069 II.
319 3034 328 3069 1
340 3037 365 3069 n.
589 3034 617 3077 23
630 3034 654 3081 9.
668 3035 704 3069 10.
716 3035 737 3067 2.
769 3022 865 3069 Paetus
875 3020 961 3069 would
973 3037 1043 3070 seem
1055 3030 1083 3069 to

71 3101 94 3152 5.
114 3088 184 3150 quid
197 3103 266 3151 ergo
279 3096 334 3137 est:
347 3088 379 3137 cf.
389 3090 455 3153 quid
464 3103 536 3151 quae·
587 3086 655 3136 have
667 3086 732 3135 been
752 3102 784 3135 an
803 3086 972 3150 experienced
985 3087 1085 3135 dinner·

33 3157 82 3211 ris,
103 3156 152 3216 Ep.
172 3156 203 3201 V.
222 3170 237 3214 4
255 3171 279 3202 n.
298 3154 349 3203 and
369 3156 432 3203 lntr.
451 3154 490 3218 98.
503 3182 537 3190 —
587 3154 709 3216 giver.—
721 3155 858 3203 domum:
878 3171 910 3201 sc.
929 3161 955 3201 at
974 3155 1083 3216 Naples;

33 3221 217 3284 praefectus:
234 3220 260 3269 in
272 3221 304 3281 46
317 3234 366 3269 nc.
377 3223 475 3270 Caesar
484 3236 535 3269 was
587 3220 619 3269 cf.
639 3221 910 3285 3.—sumptuariae
929 3220 1021 3283 legis:
1040 3220 1084 3269 the

33 3287 159 3335 invested
171 3288 232 3336 with
245 3288 289 3335 the
301 3288 433 3337 functions
446 3288 475 3335 of
492 3288 536 3335 the
588 3286 758 3349 expenditure
770 3287 853 3336 which
871 3287 915 3335 the
933 3295 1085 3351 sumptuary

33 3354 192 3417 censorship
210 3354 291 3403 under
310 3355 353 3404 the
371 3371 428 3403 new
440 3355 495 3403 title
508 3353 537 3401 of
586 3353 650 3402 laws
664 3353 775 3403 allowed
791 3355 833 3402 for
849 3369 900 3402 one
918 3352 976 3417 day,
989 3353 1084 3401 should

31 3424 181 3485 praefectus
198 3436 319 3477 marum,·
345 3420 377 3469 cf.
391 3421 443 3469 Dio
461 3421 535 3469 Cass.
587 3420 613 3467 in
638 3421 753 3470 Cicero’s
777 3436 836 3470 case
859 3420 948 3469 suffice
970 3420 1013 3467 for
1033 3427 1083 3468 ten.
1128 3432 1130 3434 ’

34 3503 77 3551 43.
102 3502 150 3548 14;
176 3489 247 3536 Suet.
269 3489 320 3535 lul.
341 3488 536 3551 76.-pareb0
588 3486 855 3552 Ciceroisprobably
867 3486 988 3548 thinking
1000 3486 1029 3534 of
1040 3487 1084 3535 the

35 3556 204 3604 auctoritati
220 3562 305 3603 tuae:
326 3556 363 3602 ia.
376 3554 402 3601 in
419 3553 537 3616 advising
587 3554 629 3600 lex
650 3554 722 3601 Iulia
744 3557 905 3617 sumptuaria
925 3552 967 3615 (cf.
988 3554 1083 3616 Lange,

36 3633 80 3669 me
99 3630 128 3669 to
146 3622 243 3670 remain
265 3628 291 3668 at
311 3622 402 3669 Rome.
443 3621 536 3669 Cicero
588 3621 662 3667 Ra'm.
681 3622 733 3667 Alt.
753 3635 774 3684 3.
793 3621 861 3685 450),
879 3620 975 3683 passed
995 3620 1021 3667 in
1040 3620 1084 3668 the

35 3688 134 3750 speaks
153 3687 221 3737 asif
244 3687 277 3735 he
297 3702 362 3735 were
387 3687 431 3735 the
455 3685 535 3751 youth
588 3694 698 3735 autumn
716 3686 745 3734 of
761 3687 794 3746 46
812 3700 877 3744 B.0.;
895 3686 929 3735 cf.
941 3687 998 3736 also
1010 3688 1081 3735 Fam.

36 3754 90 3802 and
101 3756 197 3803 Paetus
207 3754 251 3801 the
261 3768 321 3801 man
330 3753 359 3801 of
367 3753 474 3801 wisdom
485 3751 537 3800 and
587 3766 610 3815 9.
625 3752 664 3800 26.
678 3767 707 3812 4³
726 3766 749 3813 7.
762 3752 800 3801 26.
