2575 4200
210 248 241 305 34
549 250 718 306 cresaos
743 251 918 307 narrans.
1116 251 1230 323 [earn.

210 422 273 485 sim
298 422 453 487 adflictus
478 434 515 487 ut
541 445 640 488 nemo
666 446 833 515 umquam,
853 427 941 508 quod
965 435 1040 489 tute
1062 425 1232 507 intellegis?

212 530 313 613 Spem
331 533 481 595 ostendis
499 535 684 597 secundum
702 534 846 597 comitia.
882 534 978 617 Quae
992 535 1056 598 ista
1069 545 1121 597 est
1137 534 1232 597 eodem

177 639 345 703 ztribuno
362 641 404 723 pl.
425 650 458 704 et
485 641 619 705 inimico
644 643 782 705 consule
806 642 1008 725 designato?
1058 640 1233 707 Percussisti

209 756 321 810 autem
347 768 400 811 me
426 748 526 812 etiam
550 750 591 811 de
616 750 768 813 oratione
791 751 928 833 prolata.
979 750 1043 815 Cui
1060 750 1193 824 vulneri,
1208 758 1233 809 ut

209 856 337 931 scribis,
362 859 505 932 medere,
529 858 557 920 si
581 858 660 939 quid
685 868 792 940 potes.
844 858 971 940 Scripsi
996 859 1150 941 equidem
1173 858 1234 920 olim

209 950 241 1025 ei
257 964 361 1027 iratus
375 966 462 1047 quod
480 965 534 1027 ille
552 965 640 1046 prior
654 966 843 1047 scripserat,
856 967 916 1029 sed
933 967 979 1029 ita
992 986 1235 1049 compresseram

209 1082 245 1132 ut
260 1092 438 1154 numquam
454 1083 683 1135 emanaturam
701 1083 862 1155 putarem.
899 1074 1079 1156 Quomodo
1096 1072 1235 1137 exciderit

167 1222 172 1232 -
209 1180 338 1256 nescio;
361 1182 419 1243 sed
437 1181 514 1262 quia
531 1200 711 1262 numquam
729 1182 850 1244 accidit
868 1192 904 1244 ut
923 1202 997 1245 cum
1016 1202 1057 1245 eo
1070 1184 1169 1245 verbo
1185 1200 1236 1242 uno

209 1299 446 1363 concertarem,
466 1298 499 1351 et
517 1289 594 1370 quia
617 1288 741 1370 scripta
765 1290 846 1352 mihi
863 1290 996 1354 videtur
1020 1289 1236 1373 neglegentius

208 1416 306 1477 quam
324 1406 466 1471 ceterae,
485 1406 567 1478 puto
591 1416 692 1478 posse
710 1398 841 1478 probari
859 1418 927 1461 non
945 1418 1019 1461 esse
1036 1418 1151 1461 meam.
1199 1396 1235 1467 ld,

209 1504 237 1565 si
254 1513 352 1584 putas
369 1524 422 1566 me
443 1524 541 1585 posse
565 1504 685 1579 sanari,
705 1524 801 1568 cures
819 1506 919 1568 velim
927 1527 935 1583 ;
960 1506 1011 1569 sin
1039 1506 1136 1588 plane
1159 1503 1236 1586 perii,

175 1611 319 1689 3minus
345 1612 467 1675 laboro
519 1613 592 1694 Ego
617 1612 717 1675 etiam
743 1633 832 1676 nunc
854 1614 972 1676 eodem
995 1614 1028 1675 in
1054 1615 1127 1677 loco
1150 1614 1236 1682 iaceo,

208 1720 282 1781 sine
299 1740 453 1799 sermone
470 1720 548 1794 ullo,
568 1720 640 1782 sine
658 1721 862 1808 cogitatione
879 1722 954 1785 ulla.
1007 1722 1102 1784 Licet
1128 1720 1194 1794 tibi,
1211 1728 1238 1780 ut

209 1828 337 1903 scribiS,
365 1828 578 1910 significarim
604 1838 641 1891 ut
667 1830 708 1891 ad
733 1850 786 1891 me
810 1830 956 1906 venires;
991 1831 1116 1894 dudum
1141 1838 1238 1891 tamen

209 1935 368 2017 intellego
385 1946 419 1998 te
440 1937 514 1999 istic
540 1938 708 2017 prodesse,
728 1936 782 1999 hic
807 1958 849 1999 ne
866 1938 968 2000 verbo
985 1938 1119 2020 quidem
1144 1937 1239 1999 levare

209 2064 262 2106 me
279 2065 386 2126 posse.
438 2044 514 2108 Non
533 2064 618 2128 queo
636 2045 731 2126 plura
748 2046 903 2122 scribere,
923 2065 985 2110 nec
1004 2055 1056 2109 est
1073 2046 1159 2129 quod
1176 2042 1239 2107 scri·

208 2153 300 2217 bam:
324 2164 436 2216 vestra
461 2154 566 2236 magis
592 2161 760 2235 exspecto.
811 2155 901 2218 Data
924 2173 983 2217 xvr
1011 2155 1086 2219 Kal.
1112 2152 1240 2218 Sextiles

208 2261 478 2326 Thessalonicae.
531 2309 540 2328 .

209 2384 258 2432 ‘do
271 2401 321 2449 you
330 2386 416 2434 blame
429 2401 478 2439 me.
488 2387 547 2434 then
558 2387 584 2435 ?’
606 2386 646 2436 Cf.
657 2387 704 2449 Ep.

116 2475 118 2481 ·
209 2452 336 2500 LXXIX.
355 2467 369 2512 4
388 2453 429 2500 lrr'c
446 2460 474 2500 tu
492 2471 531 2502 me
548 2455 628 2502 abesse
644 2455 706 2501 urbe

208 2520 321 2576 miraris,
343 2521 370 2565 in
395 2535 445 2581 qua
470 2521 558 2568 domus
579 2521 648 2568 nihil
667 2522 705 2567 de·

207 2587 299 2633 lecture
306 2587 393 2647 possit,
404 2595 453 2634 etc.
462 2587 472 2634 ?
483 2603 513 2634 or
522 2587 542 2634 it
552 2602 610 2650 may
620 2602 703 2642 mean,

209 2658 250 2698 ‘at
263 2652 313 2700 this
326 2652 400 2714 point
412 2653 437 2700 in
453 2669 517 2716 your
534 2653 625 2708 letter‚'
638 2653 705 2700 after

209 2718 308 2780 writing
326 2719 355 2765 of
373 2719 416 2766 the
435 2720 519 2766 action
539 2719 567 2766 ot
586 2719 703 2767 Clodius.

208 2786 410 2834 -secundum
433 2786 563 2834 comitia:
590 2787 704 2849 Pompey

207 2852 346 2966 allah}
360 2851 705 2966 libllhlirl⁰¹33hf

209 2985 273 3041 tia’;
289 2985 704 3048 cf.Att.3.18.1.-eodem...

209 3052 378 3114 designato:
402 3054 439 3098 ia.
459 3052 518 3098 with
542 3051 652 3098 Clodius
676 3067 705 3099 as

209 3118 310 3165 tribune
334 3118 384 3166 and
410 3118 532 3165 Metellus
561 3119 652 3178 Nepos
676 3133 704 3165 as

207 3186 297 3233 consul
306 3186 458 3247 dcwgnutus.
479 3184 600 3231 Metellus
614 3185 706 3246 Nepos

207 3251 306 3313 proved
316 3259 343 3298 to
352 3251 385 3298 be
393 3251 509 3314 friendly.
529 3251 577 3298 See
589 3250 705 3298 Cicero's

207 3320 283 3366 letter
301 3318 329 3364 of
353 3317 448 3365 thanks
470 3317 511 3363 for
533 3317 577 3364 the
595 3324 705 3379 support

208 3385 237 3433 of
256 3384 376 3432 Metellus
391 3385 488 3445 Nepos,
502 3385 574 3430 Fam.
591 3397 610 3447 5.
624 3397 653 3442 43
672 3384 704 3431 ci.

208 3452 263 3500 also
271 3460 321 3512 pro
333 3452 394 3498 Sest.
412 3464 464 3512 130.

242 3532 263 3565 2.
283 3518 317 3565 de
331 3517 458 3564 oratione
472 3517 596 3580 prolata:
611 3517 704 3565 Cicero

758 2390 803 2436 sed
808 2388 872 2451 quid
882 2388 960 2436 Curio
969 2388 981 2435 ?
989 2403 1025 2435 an
1035 2389 1108 2454 iliam
1117 2388 1240 2435 orationem

758 2471 809 2502 non
828 2455 910 2516 legit?
933 2470 998 2517 quae
1017 2456 1085 2502 unde
1102 2456 1137 2501 sit
1151 2453 1241 2514 prolata

757 2523 844 2569 nescio.
880 2520 945 2568 This
963 2529 1032 2569 must
1051 2520 1083 2569 be
1101 2536 1117 2567 a
1134 2518 1241 2567 different

757 2588 859 2635 oration
871 2586 940 2634 from
953 2587 997 2635 the
1010 2603 1060 2635 one
1076 2587 1106 2634 of
1123 2585 1201 2633 which
1213 2597 1242 2629 we

757 2654 823 2702 have
836 2662 949 2702 extracts
961 2654 986 2700 in
1001 2654 1048 2716 Ep.
1060 2654 1093 2700 V.
1104 2667 1128 2716 9.
1136 2681 1168 2688 —
1176 2650 1241 2714 quod

757 2721 803 2768 ille
828 2721 904 2784 prior
928 2720 1100 2783 scripserat:
1130 2717 1243 2782 probably

756 2786 811 2849 just
832 2787 922 2835 before
943 2802 972 2834 or
995 2787 1063 2834 after
1083 2787 1128 2834 the
1149 2785 1203 2833 trial
1221 2780 1243 2827 of

758 2853 875 2910 Clodius,
892 2868 921 2901 as
940 2853 1020 2901 Curio
1038 2869 1090 2900 was
1110 2853 1153 2901 the
1170 2852 1243 2899 cham·

757 2920 819 2981 pion
832 2920 861 2967 oi
878 2918 987 2967 Clodius
1000 2920 1026 2967 in
1040 2920 1084 2967 the
1099 2927 1200 2974 senate;
1216 2914 1242 2962 ci.
1274 2962 1275 2971 ,

757 2988 811 3033 Att.
827 3000 847 3033 1.
863 2999 899 3044 14.
912 2998 932 3050 5.
944 2987 1132 3048 —quomodo
1144 2983 1245 3033 excide·
1274 2996 1275 3049 y

757 3053 802 3110 rit,
822 3055 879 3100 hmo
899 3055 921 3099 it
938 3060 983 3115 got
1004 3059 1176 3115 out-puto
1193 3085 1200 3097 .
1217 3081 1243 3095 ··
1274 3100 1275 3105 ,

758 3133 868 3167 meam:
888 3118 1002 3167 Cicero’s
1020 3119 1149 3167 intention
1165 3126 1191 3165 to
1204 3114 1245 3161 dis·
1274 3122 1275 3169 ]

757 3200 830 3232 avow
842 3186 885 3232 the
895 3185 1049 3247 authorship
1058 3184 1087 3232 of
1099 3185 1150 3232 this
1160 3180 1243 3246 speech

757 3251 825 3298 finds
837 3266 910 3300 some
923 3251 1092 3299 extenuation
1104 3251 1131 3298 in
1144 3252 1186 3299 the
1198 3249 1245 3296 des·

756 3326 846 3380 perate
859 3326 950 3365 nature
963 3317 992 3364 of
1003 3317 1044 3365 his
1056 3318 1177 3380 position.
1203 3316 1246 3362 For

757 3384 832 3432 other
840 3383 1020 3448 questionable
1030 3392 1094 3440 acts,
1102 3384 1135 3432 cf.
1144 3385 1205 3431 Intr.
1212 3395 1244 3440 47·

791 3465 813 3514 3.
831 3459 863 3500 ut
881 3452 917 3498 ad
936 3464 982 3498 me
995 3450 1120 3510 venires,
1134 3459 1193 3499 etc:
1209 3461 1245 3495 see

757 3517 820 3566 Crit.
835 3516 954 3581 Append.
964 3546 995 3553 —
1004 3517 1078 3569 istic,
1088 3519 1165 3572 there,
1173 3517 1246 3564 where

207 3584 258 3632 had
269 3583 499 3644 writtenaspeech
511 3584 610 3644 against
625 3584 704 3631 Curio
751 3600 804 3645 you
827 3601 878 3641 are,
897 3586 935 3631 ae.
954 3584 979 3631 in
1002 3585 1244 3631 Rome.'-vestra:

206 3650 251 3698 the
264 3649 340 3704 elder,
352 3650 434 3696 which
449 3649 642 3713 unfortunately
652 3665 704 3697 was
758 3651 814 3713 (not
832 3651 887 3713 tua)
905 3658 933 3698 to
951 3649 1054 3699 include
1077 3650 1168 3697 letters
1188 3649 1246 3695 from

206 3715 352 3778 published.
388 3715 429 3763 Cf.
448 3715 503 3762 also
522 3718 703 3779 Att.3.15.3
756 3717 832 3764 other
848 3716 947 3765 friends
965 3718 1147 3765 also-data
1167 3715 1209 3780 (sc.
1219 3717 1247 3760 est

206 3784 236 3832 in
245 3790 334 3834 senatu
347 3798 399 3831 rem
408 3782 486 3844 probe
502 3783 589 3830 scribis
607 3789 703 3838 actam
755 3784 873 3845 epistula)
887 3790 944 3831 xvl
964 3783 1040 3832 Kal:
1060 3783 1085 3830 in
1102 3782 1147 3832 the
1165 3783 1246 3832 letters
