2575 4200
207 259 241 312 86
551 261 719 314 CICERO’S
745 263 918 314 LETTERS.
1103 262 1159 330 [Ep.
1171 263 1227 313 Xlll.

207 431 351 513 denique
376 451 474 514 quem
501 433 655 496 nolebam
683 453 750 496 non
774 433 967 508 defendere,
994 444 1064 496 tum
1088 454 1161 496 vero
1183 434 1228 494 hoc
1272 483 1273 486 η

208 549 358 621 tempore
370 541 439 603 vita
456 541 589 604 nullast.
640 541 760 624 Neque
778 542 866 605 enim
883 542 1031 606 fructum
1050 542 1147 605 ullum
1161 542 1228 603 labo·
1272 601 1273 626 3

208 648 253 711 ris
267 657 435 729 exspecto,
450 658 484 711 et
498 669 601 731 cogor
613 669 863 732 nonnumquam
881 650 1033 713 homines
1051 670 1115 712 non
1128 650 1230 732 optime

208 757 250 820 de
266 777 319 820 me
336 757 481 831 meritos
501 766 618 839 rogatu
636 777 751 820 eorum
769 759 826 840 qui
849 759 936 821 bene
960 758 1072 821 meriti
1095 767 1177 832 sunt,
1193 757 1231 818 de-

176 878 191 933 5
207 865 355 929 fendere.
398 866 516 948 Itaque
533 885 657 947 quaero
674 885 790 929 causas
807 866 914 929 omnis
931 867 1107 949 aliquando
1124 865 1232 927 vivendi

207 974 370 1037 arbitratu
386 993 471 1049 meo,
490 983 591 1056 teque
607 983 641 1036 et
660 974 758 1036 istam
782 974 944 1037 rationem
969 975 1016 1037 oti
1033 976 1084 1037 tui
1099 985 1132 1038 et
1154 973 1232 1036 laudo

207 1082 425 1145 vehementer
442 1091 475 1145 et
491 1082 605 1163 pr0b0‚
622 1083 778 1164 quodque
796 1102 856 1144 nos
873 1083 983 1145 minus
1000 1084 1169 1156 intervisis‚
1186 1083 1233 1142 hoc

207 1190 280 1252 fero
299 1191 409 1253 animo
433 1191 598 1273 aequiore,
618 1191 717 1271 quod,
736 1190 764 1252 si
790 1190 917 1253 Romae
944 1211 1045 1265 esses,
1065 1201 1171 1254 tamen
1193 1207 1233 1249 ue-

207 1319 273 1380 que
297 1319 358 1362 nos
375 1299 487 1380 lepore
503 1308 562 1362 tuo
579 1318 690 1381 neque
707 1308 741 1361 te
754 1337 798 1345 -
811 1299 838 1361 si
854 1299 911 1381 qui
927 1308 978 1361 est
1002 1299 1036 1360 in
1061 1319 1115 1361 me
1127 1315 1235 1358 -meo
1272 1311 1273 1314 ’

207 1406 273 1469 frui
304 1407 419 1470 liceret
453 1416 588 1489 propter
617 1406 868 1470 molestissimas
894 1407 1131 1488 occupationes
1153 1424 1234 1467 meas.
1272 1391 1273 1394 ¹

210 1515 340 1596 Quibus
365 1516 393 1577 si
416 1536 470 1577 me
494 1515 640 1578 relaxaro
655 1535 788 1578 —nam
813 1524 849 1577 ut
874 1514 972 1596 plane
997 1515 1162 1577 exsolvam
1184 1531 1244 1574 non·

208 1623 349 1704 postulo
362 1633 452 1686 —te
468 1624 584 1705 ipsum,
603 1623 660 1705 qui
677 1624 800 1686 multos
824 1643 930 1686 annos
955 1623 1036 1685 nihil
1059 1623 1147 1685 aliud
1169 1640 1237 1684 com·

208 1732 376 1806 mentaris,
403 1732 530 1794 docebo
559 1732 711 1813 prolecto
741 1731 818 1813 quid
848 1731 890 1793 sit
920 1731 1111 1794 humaniter
1137 1730 1236 1792 vivere.

208 1840 261 1902 Tu
278 1841 376 1903 modo
393 1840 490 1902 istam
507 1839 770 1903 imbecillitatem
789 1839 988 1903 valetudinis
1009 1848 1090 1902 tuae
1106 1845 1239 1902 sustenta

208 1958 242 2010 et
259 1958 363 2022 tuere,
376 1957 413 2010 ut
430 1947 522 2021 facis,
537 1957 574 2010 ut
592 1957 723 2011 nostras
741 1948 834 2010 villas
851 1948 943 2010 obire
961 1957 994 2009 et
1012 1967 1143 2011 mecum
1160 1942 1239 2010 simul

174 2064 191 2116 6
208 2055 363 2120 lecticula
378 2075 577 2120 concursare
592 2056 708 2138 possis.
759 2055 854 2119 Haec
870 2057 911 2119 ad
930 2064 964 2119 te
981 2055 1133 2138 pluribus
1148 2052 1240 2118 verbis

208 2165 324 2245 scripsi
341 2185 439 2247 quam
457 2164 558 2238 sole0,
577 2185 644 2227 non
662 2165 710 2226 oti
733 2165 945 2239 abundantia,
966 2165 1025 2227 sed
1041 2165 1162 2228 amoris
1178 2179 1242 2242 erga

208 2282 251 2348 te,
271 2274 359 2356 quod
384 2294 438 2336 me
462 2274 604 2355 quadam
630 2272 772 2354 epistula
797 2273 1028 2347 subinvitaras‚
1048 2273 1077 2335 si
1101 2269 1242 2335 memoria

207 2391 313 2456 tenes,
333 2391 370 2445 ut
395 2383 436 2444 ad
460 2390 495 2443 te
519 2381 640 2463 aliquid
667 2381 829 2443 eiusmodi
854 2382 1032 2444 scriberem
1056 2401 1123 2463 quo
1148 2380 1242 2442 minus

208 2499 243 2553 te
266 2490 499 2572 praetermisse
523 2489 619 2552 ludos
648 2490 844 2571 paeniteret.
900 2490 1000 2572 Quod
1026 2489 1053 2551 si
1077 2490 1243 2552 adsecutus

208 2619 291 2673 sum,
310 2599 454 2680 gaudeo;
480 2597 531 2660 sin
548 2598 668 2672 minus,
688 2597 750 2660 hoc
770 2617 825 2660 me
849 2607 961 2660 tamen
987 2597 1150 2671 consolor,
1169 2591 1243 2678 quod

208 2738 303 2787 defend
317 2738 428 2786 Catiline
441 2738 466 2785 in
484 2736 591 2800 651³.c.;
609 2737 641 2786 cf.
656 2738 704 2801 Ep.
759 2739 810 2803 ally
822 2738 893 2800 gives
908 2753 941 2786 an
960 2737 1062 2787 archaic
1079 2737 1204 2800 coloring,
1215 2736 1243 2781 rie.

209 2805 245 2853 11.
260 2811 435 2868 1.-rogatu
452 2818 569 2853 eorum:
587 2819 617 2852 as
631 2804 706 2867 when
759 2804 803 2853 the
820 2806 851 2853 de
867 2806 906 2853 Re
923 2806 1030 2853 Publica
1048 2803 1099 2851 and
1123 2804 1169 2852 the
1189 2804 1244 2851 om

207 2872 241 2919 he
253 2870 384 2920 defended
396 2870 555 2918 VatIniusin
570 2882 601 2934 54
614 2882 664 2919 1³.c.
678 2879 705 2919 at
758 2873 880 2920 nomicus.
916 2870 981 2919 This
994 2870 1091 2933 ending
1104 2869 1211 2918 became
1221 2881 1244 2914 so

208 2938 252 2985 the
260 2946 364 3001 request
370 2937 400 2985 of
405 2936 590 3000 CaesarlFam.
600 2936 705 3000 1.9.19).
758 2953 881 2986 common
893 2938 919 2985 in
935 2937 1118 2986 ecclesiastica]
1138 2937 1212 2985 Latin
1224 2947 1245 2981 as

207 3003 334 3065 although
347 3005 380 3052 he
396 3002 449 3051 had
466 3003 571 3067 bitterly
582 3003 706 3052 attaeked
758 3012 786 3051 to
799 3004 885 3052 crowd
898 3012 944 3052 out
956 3020 986 3051 -e.

207 3070 260 3119 him
279 3072 305 3118 in
322 3086 356 3119 an
374 3070 475 3118 oration
495 3068 626 3134 delivered
644 3071 707 3134 only
792 3070 814 3120 6.
838 3072 911 3119 haec
925 3105 931 3118 .
945 3106 952 3119 .
966 3105 973 3118 .
987 3070 1107 3134 scripsi:
1122 3068 1246 3133 apologies

207 3145 259 3185 two
271 3152 345 3201 years
363 3136 460 3185 before.
549 3151 551 3156 ’
758 3146 784 3185 at
797 3137 841 3185 the
851 3136 902 3185 end
912 3136 941 3185 oi
953 3152 969 3185 a
980 3138 1057 3185 letter
1068 3136 1109 3184 for
1120 3136 1154 3185 its
1167 3132 1245 3197 length

243 3216 263 3269 5.
281 3204 457 3253 humaniter:
480 3202 593 3252 adverbs
610 3204 636 3251 in
649 3205 707 3251 -iter
758 3219 801 3252 are
813 3220 843 3252 so
856 3219 979 3252 common
991 3219 1020 3252 as
1033 3212 1061 3251 to
1073 3202 1187 3251 indicate
1201 3202 1246 3250 that

206 3271 275 3319 from
286 3269 430 3333 adjectiues
441 3270 467 3317 in
479 3286 520 3317 -us
531 3285 575 3319 are
592 3270 707 3333 peculiar
758 3270 803 3319 the
820 3270 946 3335 etiquette
965 3269 994 3318 of
1010 3269 1199 3332 letter-writing
1215 3282 1247 3328 ap

206 3339 232 3386 in
245 3336 297 3385 this
309 3336 401 3400 period
420 3345 447 3384 to
463 3337 603 3400 colloquial
621 3336 705 3385 Latin.
757 3336 857 3400 proved
869 3337 898 3385 of
915 3336 994 3392 them,
1008 3335 1153 3399 regardless
1166 3336 1197 3383 of
1213 3334 1246 3382 the

207 3405 239 3452 In
252 3404 345 3452 Cicero
359 3403 388 3451 of
405 3403 479 3451 these
496 3403 653 3452 formatioris
669 3418 706 3452 we
757 3400 845 3467 length
859 3404 888 3452 of
899 3403 944 3452 the
961 3403 1060 3467 epistle.
1089 3402 1131 3450 Cf.
1145 3403 1216 3451 close
1226 3396 1247 3446 ol

206 3470 339 3536 find'only
356 3471 459 3518 naviter
471 3469 531 3533 (Ep.
551 3470 656 3518 XVIII.
670 3470 705 3534 3),
758 3470 806 3533 Ep.
840 3470 986 3518 XXXVII.
998 3498 1032 3506 -
1049 3469 1246 3521 subinvitaras‚

201 3538 323 3600 firmiter,
342 3536 492 3585 humaniter
508 3536 560 3584 and
583 3536 617 3585 its
638 3552 706 3583 com·
753 3553 805 3598 you
823 3538 878 3585 had
892 3538 987 3586 hinted.
1029 3536 1074 3600 Cf·
1091 3537 1246 3587 subrusticus.

206 3604 327 3667 pounds;
351 3602 404 3651 and
429 3603 502 3650 these
524 3602 607 3652 forms
628 3618 706 3651 occur
759 3605 806 3665 Ep.
821 3603 1246 3653 XVIII.1n.-ut...scribe·

206 3672 267 3735 only
284 3671 311 3717 in
330 3670 374 3718 the
393 3671 496 3717 Letters
515 3668 567 3717 and
584 3670 610 3716 in
629 3670 705 3717 those
758 3684 827 3728 rem,
847 3678 906 3717 etc:
932 3670 1024 3717 Cicero
1048 3684 1091 3716 ma
1126 3668 1247 3719 therefore

206 3736 322 3801 writings
333 3743 361 3784 to
371 3734 455 3783 which
466 3735 559 3783 Cicero
568 3735 706 3783 intention·
759 3735 826 3784 have
842 3735 1014 3799 exaggerated
1032 3735 1073 3783 his
1105 3735 1201 3787 ‘taste
1216 3735 1246 3785 tor
