2575 4200
203 248 236 299 34
543 245 712 296 cronno’s
738 245 914 295 intrans.
1129 244 1190 309 [Ep.
1200 247 1231 294 vr

130 431 133 437 ·
205 414 306 488 dium,
333 424 368 477 te
396 423 508 478 autem
537 413 602 477 alia
630 413 770 477 minime
798 413 1076 494 reprehendenda
1101 412 1186 474 ratio
1207 413 1238 473 ad

206 522 386 585 honestum
406 523 512 586 otium
528 522 634 613 duxit.¹
682 522 773 585 Vera
793 521 928 604 quidem
953 521 1052 584 laude
1075 520 1239 602 probitatis
1263 479 1272 580 i

205 630 400 713 diligentiae
425 631 596 713 religionis
618 650 729 713 neque
753 650 806 693 me
831 629 894 693 tibi
918 650 1029 712 neque
1051 649 1240 711 quemquam

205 747 384 820 antepon0,
402 740 524 805 amoris
540 759 620 803 vero
637 759 717 822 erga
739 758 803 814 me,
822 759 897 802 cum
922 758 942 801 a
965 738 1117 801 fraterno
1141 757 1242 800 amore

173 846 458 930 odomesticoque
480 848 630 923 discessi,
649 848 711 911 tibi
731 848 855 929 primas
879 846 1004 910 defero
1054 846 1137 909 Vidi
1153 845 1241 918 enim,

206 956 274 1018 vidi
293 956 496 1038 penitusque
520 956 676 1038 perspexi
698 957 732 1018 in
758 955 843 1019 meis
859 955 959 1018 variis
985 954 1194 1037 temporibus
1216 962 1242 1015 et

202 1055 451 1127 'sollicitudines
469 1074 501 1128 et
518 1065 664 1128 laetitias
681 1073 767 1128 tuas.
818 1064 897 1126 Fuit
915 1063 997 1125 mihi
1015 1083 1118 1145 saepe
1135 1071 1169 1125 et
1187 1061 1244 1123 lau·

207 1172 258 1234 dis
276 1182 411 1235 nostrae
427 1173 606 1255 gratulatio
623 1182 682 1235 tua
699 1173 845 1235 iucunda
860 1180 894 1234 et
912 1170 1043 1234 timoris
1068 1170 1244 1235 consolatio

207 1289 311 1362 grat-a.
347 1281 438 1363 Quin
455 1281 536 1345 mihi
553 1302 642 1345 nunc
659 1290 694 1344 te
710 1282 851 1344 absente
868 1300 935 1343 non
953 1279 1061 1343 solum
1076 1278 1244 1372 consilium

208 1398 328 1469 quotu
346 1390 491 1466 excellis,
507 1391 565 1453 sed
583 1390 684 1453 etiam
701 1389 865 1452 sermonis
888 1388 1159 1463 communicatio,
1169 1406 1245 1469 quae

209 1496 290 1558 mihi
308 1498 504 1560 suavissima
520 1507 631 1561 tecum
650 1497 735 1562 solet
752 1517 838 1573 esse,
851 1497 994 1560 maxime
1010 1497 1108 1560 deest
1118 1495 1245 1578 —quid

209 1605 341 1668 dicam?
375 1605 408 1668 in
426 1606 603 1687 publicane
620 1626 665 1681 re,
684 1627 749 1689 quo
766 1606 801 1668 in
818 1625 943 1688 genere
960 1605 1042 1667 mihi
1058 1603 1247 1687 neglegenti

210 1732 285 1776 esse
301 1734 370 1777 non
386 1714 475 1789 licet,
491 1736 533 1778 an
550 1715 585 1777 in
601 1715 730 1778 forensi
747 1715 869 1790 labore,
884 1734 985 1796 quem
1001 1722 1102 1777 antea
1118 1722 1247 1795 propter

209 1822 427 1885 ambitionem
448 1823 666 1898 sustinebam,
685 1844 774 1887 nunc
798 1832 836 1886 ut
854 1823 1055 1906 dignitatem
1078 1821 1167 1885 tueri
1183 1841 1247 1902 gra-

210 1930 258 1993 tia
281 1931 416 2013 possim,
442 1952 485 1994 an
510 1931 543 1993 in
568 1931 651 2012 ipsis
675 1931 869 1995 domesticis
894 1930 1051 2014 negotiis,
1074 1929 1109 1993 in
1134 1929 1247 2012 quibus

211 2058 273 2121 ego
290 2059 366 2104 cum
383 2049 483 2103 antea
500 2049 570 2103 tum
586 2059 665 2103 vero
686 2049 762 2122 post
779 2040 965 2105 discessum
989 2039 1105 2103 fratris
1129 2047 1165 2102 te
1190 2058 1248 2102 ser-

210 2168 395 2230 monesque
412 2158 545 2212 nostros
557 2148 736 2212 desidero?
765 2149 938 2212 Postremo
951 2169 1019 2211 non
1037 2148 1131 2211 labor
1147 2167 1246 2218 meus,

211 2276 278 2319 non
303 2257 444 2339 requies,
471 2276 539 2320 non
563 2257 747 2339 negotium,
773 2278 841 2320 non
865 2258 981 2333 otium,
1008 2276 1076 2320 non
1100 2257 1248 2319 forenses

211 2385 274 2438 res,
293 2385 360 2428 non
384 2365 598 2440 domesticae,
618 2385 685 2428 non
703 2366 865 2447 publicae,
885 2386 952 2429 non
977 2365 1126 2446 privatae
1143 2381 1249 2428 carere

211 2473 337 2536 diutius
364 2465 428 2536 tuo'
448 2473 646 2536 suavissimo
672 2483 773 2556 atque
797 2473 1028 2536 amantissimo
1052 2472 1194 2536 consilio
1217 2490 1249 2532 ac

93 2614 96 2618 ’
178 2611 190 2657 7
212 2601 366 2644 sermone
390 2591 540 2662 possunt.
596 2581 713 2663 Atque
738 2582 855 2644 harum
885 2601 994 2644 rerum
1019 2600 1250 2644 commemora-

212 2689 338 2751 tionem
354 2688 555 2752 verecundia
573 2709 674 2770 saepe
691 2688 864 2770 impedivit
887 2689 1062 2770 utriusque
1087 2696 1248 2760 nostrum;

211 2818 300 2860 nunc
328 2806 441 2860 autem
470 2816 509 2859 ea
536 2797 601 2860 fuit
632 2796 824 2860 necessaria
850 2807 987 2879 propter
1019 2817 1093 2859 eam
1125 2804 1249 2878 partem

211 2904 375 2986 epistulae
391 2914 479 2980 tuae,
497 2925 672 2987 perquam
690 2915 724 2968 te
740 2925 779 2969 ac
796 2925 906 2968 mores
929 2914 1005 2968 tuos
1030 2904 1114 2967 mihi
1139 2924 1250 2986 purga-

210 3023 264 3077 tos
281 3034 319 3076 ac
336 3013 493 3095 probatos
511 3032 585 3076 esse
600 3013 747 3077 voluisti.
797 3013 914 3095 Atque
932 3013 966 3076 in
987 3012 1052 3075 ista
1076 3013 1250 3076 incommo-

211 3122 316 3184 ditate
332 3119 468 3185 alienati
490 3119 578 3184 illius
595 3121 698 3184 animi
715 3129 749 3184 et
774 3121 897 3184 offensi
922 3120 1003 3184 illud
1028 3120 1118 3184 inest
1143 3130 1268 3184 tament

211 3229 385 3304 commodi,
403 3229 492 3311 quod
509 3237 542 3291 et
559 3229 641 3291 mihi
658 3237 692 3292 et
709 3229 831 3293 ceteris
852 3229 968 3293 amicis
994 3229 1062 3292 tuis
1086 3238 1170 3292 nota
1193 3228 1251 3290 fuit

210 3414 297 3473 cessi,
316 3414 376 3478 isI
388 3420 475 3476 except
491 3414 533 3462 tie
549 3413 604 3462 love
620 3414 653 3478 of
663 3429 708 3476 my
791 3413 813 3463 6.
833 3414 1025 3473 sustinebam,
1043 3427 1133 3463 nunc:
1157 3431 1189 3464 sc.
1208 3429 1252 3460 sses-

210 3482 310 3530 brother
331 3481 388 3528 and
407 3481 439 3544 of
456 3497 499 3542 my
514 3481 621 3544 family.
664 3480 706 3528 ef.
757 3482 832 3530 tinea

210 3549 283 3596 Fam.
298 3545 321 3596 6.
341 3560 407 3595 12.2
430 3549 546 3595 Caesaris
557 3548 708 3611 familiares
791 3561 814 3609 7.
833 3555 973 3611 purgatos
997 3561 1030 3595 ac
1050 3549 1201 3610 probatos:
1224 3544 1250 3594 ci.

211 3649 216 3660 .
239 3649 244 3660 .
268 3649 273 3660 .
297 3629 353 3662 cum
371 3613 403 3660 ab
421 3614 467 3661 illo
484 3614 651 3670 discesserint,
670 3629 710 3661 me
761 3613 824 3662 Intr.
842 3622 1003 3678 93.-nota
1022 3648 1071 3661 ...
1090 3615 1251 3662 testificata:

210 3680 660 3743 habeantpraximum.-primasz
676 3697 708 3728 sc.
761 3681 866 3730 Atticus
878 3680 930 3728 had
942 3679 1073 3729 informed
1091 3680 1188 3730 Cicero
1206 3694 1251 3729 ser·
1277 3700 1279 3778 q

205 3753 301 3806 partes.
760 3747 813 3794 eral
823 3747 930 3796 months
939 3746 1029 3795 before
1038 3746 1067 3794 of
1079 3747 1251 3796 hisintention
