2575 4200
388 213 555 262 crcauo’s
582 213 756 262 narrans.
1040 210 1089 263 173

1271 294 1272 327 l

37 217 112 263 Fam.
125 214 151 263 8.
166 214 216 280 16.]

37 383 242 463 persuadere
267 401 334 443 non
359 401 505 462 possum,
524 381 643 443 saltem
661 381 739 443 dum
756 381 835 462 quid
852 381 894 444 de
913 380 1087 462 Hispaniis

35 510 176 572 agamus
194 489 299 552 scitur
316 483 487 570 exspecta;
513 509 593 570 quas
618 489 681 551 tibi
700 488 819 551 nuntio
840 488 985 551 adventu
1007 489 1085 552 Cae-

36 599 119 660 saris
148 598 221 667 fore
248 605 388 660 nostras.
441 597 550 679 Quam
577 597 633 659 isti
660 617 754 679 spem
783 597 927 659 habeant
956 598 1086 660 amissis

36 706 216 787 Hispaniis
241 704 376 782 nesci03
410 706 499 786 quod
530 725 628 787 porro
657 715 751 767 tuum
777 705 952 767 consilium
977 706 1020 768 sit
1045 708 1086 768 ad

34 815 233 895 desperatos
251 815 419 888 accedere,
439 833 506 876 non
529 813 658 876 medius
683 813 782 875 fidius
807 814 946 894 reperio.
998 815 1084 889 Hoc,
1104 838 1120 882 4

33 924 124 1004 quod
142 931 179 985 tu
203 942 271 984 non
288 922 432 985 dicendo
455 922 537 983 mihi
563 922 770 1004 significasti,
790 921 914 984 Caesar
937 923 1086 985 audierat

33 1052 71 1094 ac
106 1031 309 1112 simulatque
336 1029 472 1092 ‘Have'
499 1029 581 1092 mihi
613 1029 705 1104 dixit,
732 1031 846 1093 statim
862 1031 953 1112 'quid
981 1032 1022 1093 de
1051 1040 1086 1094 te

33 1139 185 1202 audisset
203 1139 368 1220 exposuit.
419 1137 551 1220 Negavi
571 1159 624 1200 me
646 1138 740 1212 scire,
760 1140 818 1220 sed
842 1147 955 1201 tamen
980 1141 1022 1202 ab
1046 1161 1085 1202 eo

33 1247 119 1327 petii
137 1255 173 1309 ut
192 1225 237 1309 ad*
251 1256 285 1309 te
301 1246 431 1309 litteras
449 1247 598 1309 mitteret
615 1246 734 1329 quibus
751 1247 893 1309 maxime
918 1249 958 1310 ad
984 1268 1085 1310 rema-

33 1355 185 1417 nendum
202 1355 403 1418 commoveri
428 1375 553 1437 posses.
604 1355 662 1417 Me
687 1374 805 1418 secum·
826 1355 858 1417 ln
885 1356 1084 1436 Hispaniam

34 1463 145 1539 ducit;
171 1483 259 1538 nam,
275 1463 339 1525 nisi
357 1463 403 1526 ita
422 1463 560 1536 faceret,
579 1483 641 1544 ego
665 1463 756 1544 prius
781 1484 878 1544 quam
902 1465 942 1527 ad
969 1464 1084 1527 urbem

34 1565 243 1639 accederem,
263 1564 462 1646 ubicumque
480 1585 581 1639 essee,
600 1565 641 1627 ad
658 1573 693 1626 te
710 1565 947 1646 percurrissem
965 1575 998 1627 et
1021 1565 1084 1628 hoc

27 1674 112 1728 ate
139 1685 300 1748 praesens
325 1665 573 1728 contendissem
602 1675 703 1748 atque
731 1665 823 1728 omni
846 1666 879 1727 vi
903 1675 937 1728 te
962 1667 1084 1730 retinu-

34 1774 147 1838 issem.
199 1774 312 1836 Etiam
335 1783 434 1856 atque
457 1774 566 1849 etiarn,
588 1773 715 1848 Cicer0,
735 1774 847 1856 cogita
870 1794 913 1836 ne
937 1784 971 1836 te
996 1784 1084 1838 tuos·
1104 1797 1117 1848 5

34 1901 99 1963 que
124 1882 235 1945 omnis
259 1881 411 1945 funditus
436 1891 575 1957 evertaS,
604 1902 647 1944 ne
672 1891 706 1944 te
731 1882 841 1945 sciens
872 1883 1084 1964 prudensque

34 2009 73 2051 eo
101 1989 262 2053 demittas
294 1991 383 2052 unde
412 1990 537 2052 exitum
562 1989 656 2053 vides
685 1991 811 2053 nullum
841 2010 923 2054 esse.
984 1991 1083 2073 Quod

35 2097 62 2159 si
86 2107 123 2161 te
149 2107 206 2160 aut
232 2119 331 2163 voces
357 2097 568 2180 optimatium
594 2108 805 2162 commovent
830 2109 887 2162 aut
912 2100 1084 2163 nonnullo-

34 2227 107 2268 rum
141 2206 315 2270 hominum
343 2206 555 2269 insolentiam
588 2217 621 2269 et
655 2208 868 2270 iactationem
899 2208 988 2271 ferre
1016 2229 1083 2271 non

34 2324 143 2394 potes,
166 2314 271 2397 eligas
296 2335 417 2378 censeo
442 2315 575 2397 aliquod
600 2316 758 2398 oppidum
775 2336 917 2378 vacuum
941 2336 961 2378 a
984 2317 1081 2391 bello

33 2423 113 2484 dum
131 2422 215 2487 haec
235 2424 461 2487 decernuntur
477 2444 561 2505 quae
578 2423 642 2485 iam
661 2434 758 2486 erunt
776 2424 940 2487 confecta.
991 2425 1031 2486 Id
1055 2426 1083 2487 si

32 2530 166 2605 feceris,
181 2539 214 2593 et
229 2550 292 2613 ego
305 2540 340 2594 te
357 2531 527 2613 sapienter
543 2531 666 2595 fecisse
683 2532 835 2595 iudicabo
853 2540 886 2594 et
906 2532 1082 2595 Caesarem

32 2658 100 2700 non
120 2639 284 2703 offendes,

65 2803 88 2853 3.
108 2789 146 2837 de
166 2788 338 2851 Hispaniis:
363 2789 461 2838 Caesar
480 2790 532 2838 had
585 2790 755 2839 —litterasz
773 2791 900 2856 probably
911 2794 963 2839 Att,
979 2806 1016 2841 ro.
1028 2792 1044 2841 8
1058 2804 1082 2840 B.

32 2864 72 2903 set
83 2863 134 2904 out
146 2855 189 2903 for
202 2856 282 2917 Spain
294 2855 320 2902 in
334 2856 378 2904 the
395 2857 465 2921 early
476 2864 533 2919 part
585 2858 853 2906 —eontendissemz
866 2858 928 2907 here
940 2860 1081 2908 transitive.

31 2922 60 2969 of
86 2922 291 2985 April—isti:
320 2924 357 2970 ia.
382 2922 426 2970 the
457 2925 534 2971 Pom·
586 2924 628 2971 CI.
642 2924 705 2972 intr.
718 2924 750 2987 83
763 2942 786 2972 a.

31 2989 333 3051 mima-accedere:
347 2989 372 3035 in
383 2990 532 3051 apposition
620 3004 642 3054 5.
666 2992 763 3040 sciens
788 2992 992 3055 prudensque:
1021 2993 1082 3041 ‘the

32 3067 59 3103 to
71 3063 158 3105 tuum
172 3054 334 3103 consilium.
359 3055 383 3102 A
396 3071 468 3103 more
480 3072 533 3118 reg·
584 3057 729 3120 proverbial
754 3059 902 3119 expression
923 3062 1004 3107 sciens
1017 3066 1082 3121 pru-

32 3122 88 3170 ular
112 3121 291 3169 construction
311 3120 397 3169 would
420 3121 453 3170 be
470 3139 533 3171 acce·
584 3124 701 3186 densque,
715 3140 744 3172 or
754 3126 872 3185 prudens
889 3131 914 3173 et
928 3128 1016 3184 sciens,
1029 3142 1082 3175 was

31 3187 287 3237 denda—medius
306 3188 407 3237 fidius:
432 3188 463 3237 cf.
484 3190 531 3251 Ep.
585 3190 650 3238 used
674 3191 702 3238 oi
731 3206 782 3239 one
807 3192 866 3239 who
892 3192 965 3239 takes
990 3207 1023 3240 an
1046 3193 1081 3240 ill-

33 3256 125 3303 XVII.
141 3268 154 3301 2
169 3270 193 3301 n.
584 3256 693 3304 advised
705 3272 797 3305 course
806 3258 866 3306 with
878 3258 918 3307 his
931 3274 990 3322 eyes
1000 3259 1081 3321 open’

64 3336 87 3381 4.
120 3321 263 3370 dicendo:
294 3320 338 3369 the
362 3320 412 3369 abl.
436 3322 465 3369 of
488 3322 532 3369 the
586 3322 1079 3386 (Landgraf,318).-autvoces,eto:

31 3387 133 3449 gerund
151 3386 293 3449 indicating
310 3402 417 3435 manner
434 3388 455 3436 is
477 3403 532 3436 rare

32 3454 124 3503 before
138 3454 226 3518 Livy’s
238 3453 308 3501 time.
341 3453 390 3510 Cf,
403 3454 531 3511 however,

32 3521 124 3568 bellum
138 3521 297 3568 ambulando
306 3522 472 3583 conficerunt,
483 3522 530 3584 Ep.

33 3587 163 3635 XLVIII.
192 3600 214 3644 1,
239 3586 295 3634 also
323 3586 391 3634 from
419 3587 530 3636 Caelius.

584 3391 620 3435 ie.
629 3389 673 3436 the
681 3390 836 3452 reproaches
845 3392 873 3438 oi
881 3391 925 3439 the
934 3392 1081 3454 Optimates

584 3471 617 3501 on
636 3456 681 3503 the
700 3471 750 3505 one
768 3457 846 3514 hand,
859 3473 889 3506 or
907 3458 951 3506 the
968 3458 1081 3507 insolent

584 3521 726 3569 demeanor
746 3523 776 3570 ot
799 3524 843 3572 the
867 3524 1022 3573 Caesarians
1046 3541 1080 3573 on

584 3587 629 3636 the
647 3588 730 3637 other.
