2575 4200
19 284 106 331 Fam.
118 281 142 330 6.
154 281 192 347 6.]
380 282 548 332 CICERO'S
574 284 747 333 LETTERS.
1034 282 1083 335 205

19 450 190 531 patietur,
217 470 280 513 nec
306 472 445 513 manens
471 470 533 513 nec
559 460 689 514 mutata
713 452 798 514 ratio
822 451 920 527 ieret,
939 452 1083 533 primum

19 568 65 620 ut
89 580 156 621 non
174 560 209 620 in
226 579 326 621 causa
346 560 417 640 pari
441 560 557 621 eadem
583 560 626 622 sit
652 569 686 622 et
711 560 864 623 condicio
889 569 923 622 et
947 560 1084 624 fortuna
1181 598 1184 605 ι

19 667 192 741 omniurn,
227 666 348 729 deinde
384 676 420 729 ut
459 667 493 727 in
532 687 604 729 eam
639 667 810 730 civitatem
842 668 924 731 boni
955 668 1015 730 viri
1048 678 1082 732 et

19 775 111 836 boni
138 774 228 840 cives
255 774 346 837 nulla
370 774 554 856 ignominia
578 776 686 837 notati
711 796 779 837 non
804 784 1023 851 revertantur,
1047 777 1081 839 in

19 903 130 964 quam
149 892 199 945 tot
217 882 422 945 nefariorum
441 882 604 945 scelerum
623 883 839 946 condemnati
859 893 1079 949 reverterunt.

20 991 152 1053 Habes
168 990 344 1071 augurium
362 1011 473 1053 meum
491 1011 499 1067 ;
524 1010 599 1072 qu0,
615 991 644 1053 si
661 991 740 1073 quid
757 992 997 1064 addubitarem,
1013 1013 1081 1055 non
1102 1018 1129 1052 η

20 1099 145 1179 potius
163 1108 276 1161 uterer
292 1119 391 1181 quam
409 1098 465 1161 illa
485 1098 726 1174 consolatione,
745 1120 810 1182 qua
833 1100 933 1163 facile
956 1100 1080 1163 fortem
1110 1112 1116 1117 “

20 1207 139 1269 virum
172 1216 422 1271 sustentarem:
462 1216 506 1281 te,
541 1207 569 1269 si
609 1206 781 1289 explorata
812 1207 951 1271 victoria
990 1229 1081 1271 arma

25 1315 237 1396 sumpsisses
262 1334 322 1396 pro
347 1334 383 1377 re
408 1315 552 1397 p.—ita
576 1314 666 1377 enim
692 1324 764 1377 turn
791 1316 1079 1396 putabas-non

26 1423 132 1485 nimis
145 1443 220 1486 esse
233 1422 451 1499 laudandum;
468 1422 521 1485 sin
538 1432 676 1505 propter
691 1423 839 1486 incertos
857 1424 966 1486 exitus
984 1444 1080 1487 even·
1099 1417 1102 1419 ’

25 1540 154 1613 tusque
179 1530 341 1594 bellorum
368 1552 467 1613 posse
488 1532 647 1594 ‘accidere
672 1540 708 1593 ut
733 1532 945 1594 vinceremur
969 1542 1085 1614 putas.

29 1659 99 1714 seS,
113 1661 179 1702 non
193 1640 317 1702 debere
334 1648 369 1703 te
382 1640 421 1702 ad
436 1641 617 1703 secundam
635 1640 805 1702 fortunam
823 1641 909 1703 bene
927 1650 1078 1722 paratum

27 1747 146 1821 fuisse,
175 1748 348 1811 adversam
372 1748 462 1810 ferre
490 1748 582 1810 nullo
616 1748 715 1811 modo
747 1768 855 1830 posse.
921 1748 1079 1830 Disputa-

31 1874 103 1917 rem
135 1857 234 1919 etiam
265 1865 390 1938 quanto
424 1856 547 1919 solacio
572 1856 634 1918 tibi
668 1856 875 1919 conscientia
907 1856 957 1918 tui
985 1857 1097 1931 iacti,

30 1974 175 2043 quantae
207 1963 423 2027 delectationi
457 1964 491 2025 in
524 1965 624 2027 rebus
657 1965 806 2050 adversis
839 1964 971 2027 litterae
1003 1941 1080 2027 esse

32 2072 203 2136 deberent.
265 2071 570 2136 Commemorarem
600 2093 666 2135 non
697 2072 805 2136 solum
829 2082 992 2147 veterum,
1019 2075 1077 2137 sed

33 2179 148 2243 horum
166 2181 267 2244 etiam
287 2181 473 2243 recentium
487 2181 540 2243 vel
557 2183 679 2244 ducum
697 2180 750 2243 vel
766 2181 926 2244 comitum
944 2191 1076 2244 tuorum

33 2290 246 2368 gravissimos
270 2309 377 2363 casuS,
398 2289 498 2351 etiam
526 2299 682 2351 externos
708 2289 831 2351 multos
857 2289 963 2352 claros
987 2289 1076 2352 viros

35 2397 238 2460 nominarem
256 2417 265 2474 3
288 2397 376 2460 levat
395 2397 483 2459 enim
502 2397 651 2460 dolorem
669 2398 856 2459 communis
874 2397 968 2479 quasi
992 2397 1077 2478 legis

34 2513 65 2564 et
83 2505 247 2568 humanae
264 2505 470 2568 condicionis
488 2505 685 2568 recordatio
737 2506 949 2586 Exponerem
975 2505 1076 2567 etiam
1098 2541 1125 2591 13

36 2613 311 2692 quemadmodum
340 2613 394 2676 hic
424 2624 456 2676 et
484 2623 609 2696 quanta
636 2613 669 2674 in
697 2614 795 2675 turba
822 2623 1013 2695 quantaque
1042 2614 1075 2675 in

70 2791 104 2825 11.
125 2787 168 2828 tot
187 2815 193 2827 .
214 2814 220 2826 .
241 2814 247 2826 .
266 2780 470 2828 condemnati:
493 2779 525 2828 cf.
579 2779 682 2842 depend
711 2795 745 2826 on
775 2780 935 2828 debere.—
949 2788 1075 2842 quantae

38 2843 107 2893 Caes.
121 2847 152 2893 B.
165 2847 192 2894 C.
206 2860 227 2909 3.
245 2860 253 2892 r
269 2849 407 2893 nonnullos
417 2848 527 2894 ambitus
580 2846 782 2894 delectationi:
808 2846 841 2893 cf.
863 2848 935 2893 Fam.
957 2846 980 2894 6.
1004 2861 1041 2893 12.
1063 2860 1075 2911 5

37 2911 151 2973 Pompeia
163 2913 215 2974 lege
229 2912 268 2974 (of
283 2926 310 2976 52
323 2913 383 2974 Be.)
394 2915 528 2961 damnatos

39 2977 86 3023 illis
108 2979 268 3040 temporibus,
291 2979 382 3042 quibus
411 2981 439 3026 in
468 2979 528 3026 urbe

37 3046 159 3102 praesideo
170 3046 296 3108 legionum
309 3047 443 3106 Pompeius
452 3046 528 3092 habu-

39 3118 123 3158 erat..
138 3147 143 3157 .
157 3113 186 3158 in
199 3113 324 3173 mtegrum
338 3113 454 3159 restituit.
485 3111 527 3158 Cf.

40 3173 89 3223 also
107 3177 160 3226 Cic.
179 3180 233 3225 Att.
255 3191 291 3225 10.
310 3191 332 3236 4.
350 3177 384 3236 83
401 3179 472 3225 Fam.
490 3189 527 3242 15.

43 3253 74 3302 19.
87 3258 118 3307 33
137 3244 208 3292 Suet.
222 3245 274 3291 Iul.
288 3257 328 3302 41.

71 3323 104 3357 12.
122 3310 188 3358 illa:
208 3309 345 3373 explained
362 3309 395 3375 by
413 3311 458 3359 the
481 3310 528 3358 iol·

42 3373 124 3439 lowing
136 3379 217 3425 oratio
229 3379 335 3440 obliquo.
346 3406 379 3413 -
388 3384 426 3436 te,
440 3377 465 3426 si
478 3391 528 3424 ex-

42 3440 141 3500 plorata
158 3443 289 3502 victoria,
303 3451 359 3499 etc,
378 3445 464 3506 ifyou
477 3445 531 3490 had

42 3510 105 3556 taken
123 3519 156 3572 up
174 3526 254 3566 arms,
268 3511 342 3557 when
355 3526 406 3572 you
424 3511 530 3570 thought

43 3575 126 3639 victory
135 3577 255 3624 assarta.
267 3604 301 3611 -
313 3577 464 3624 adversam
479 3611 485 3623 .
500 3611 506 3623 .
521 3611 527 3623 .

44 3652 130 3699 posse:
145 3642 265 3706 opposed
278 3642 303 3690 in
317 3643 429 3705 thought
443 3652 470 3690 to
484 3643 528 3689 the

44 3705 117 3757 clause
151 3709 213 3757 with
255 3717 388 3772 peratum
426 3709 527 3757 ruisse.

47 3769 101 3822 Both
119 3784 252 3840 paratum
272 3776 364 3824 tuisse
376 3775 428 3822 and
440 3789 527 3838 posse

579 2915 625 2960 sed
639 2920 676 2960 est
691 2929 772 2960 unum
792 2914 942 2976 perfugium
962 2914 1075 2962 doctrina

579 2996 609 3026 ac
620 2980 736 3026 litterae.
752 3015 775 3024 ..
789 2995 853 3041 quae
870 2980 986 3026 secundis
1004 2981 1076 3027 rebus

580 3047 762 3094 delectationem
795 3047 867 3092 modo
895 3046 983 3093 habere
1011 3047 1076 3093 ville-

580 3113 682 3167 ban'tur,
701 3127 771 3158 nunc
787 3127 847 3160 vero
863 3114 939 3159 ettam
960 3115 1074 3160 salutem.

579 3179 727 3226 —ducum
737 3177 784 3225 vel
796 3177 936 3226 comitum
948 3185 1074 3226 tuorum:

580 3244 612 3292 cf.
627 3245 674 3305 Ep.
686 3245 774 3291 LXII.
786 3257 799 3290 2
809 3244 1008 3292 nn-multos
1021 3245 1076 3290 cla-

580 3324 627 3359 ros
651 3311 746 3358 viros:
771 3318 818 3358 not
837 3311 930 3357 multos
949 3317 972 3357 et
993 3311 1076 3358 claros

579 3379 655 3433 viros,
674 3375 785 3425 because
806 3378 900 3424 claros
917 3376 994 3424 viros
1017 3390 1076 3423 con-

579 3443 685 3491 stitutes
698 3459 713 3490 a
725 3443 808 3505 single
818 3443 885 3491 idea
914 3443 1007 3490 Cicero
1017 3458 1075 3506 may

579 3509 611 3557 be
625 3509 753 3570 thinking,
764 3509 807 3557 for
824 3510 948 3565 instance,
961 3509 989 3556 oi
1008 3510 1076 3557 Alci·

579 3574 670 3623 biades
679 3575 730 3623 and
740 3575 938 3632 Themistocles,
947 3575 1006 3622 who
1016 3574 1075 3623 died

579 3642 605 3689 in
618 3642 790 3690 banishment.

616 3722 653 3772 13.
680 3715 813 3771 quanta.
836 3744 843 3755 .
865 3742 872 3756 .
890 3708 1076 3758 viveremus:

581 3775 674 3822 Cicero
687 3784 807 3837 suggests
820 3775 864 3821 the
876 3789 948 3823 same
960 3776 1077 3824 consola·
