2575 4200
201 234 249 284 164
539 237 707 286 crcexo’s
733 236 907 285 terreas.
1075 235 1135 300 [up.
1151 237 1245 284 xuvr.

200 402 323 465 reverti
341 403 500 468 Formias.
553 405 649 467 Haec
672 413 707 493 te
730 404 817 468 scire
832 403 923 466 volui
948 403 1132 486 scripsique
1160 405 1244 466 seda-

200 510 285 574 tiore
317 511 427 574 animo
452 531 550 593 quam
575 511 725 594 proxime
750 511 960 593 scripseram,
986 510 1112 574 nullum
1136 532 1244 574 meum

199 618 358 682 iudicium
383 619 612 701 interponens,
632 620 692 682 sed
716 619 897 702 exquirens
921 628 1026 684 tuum.

532 861 661 925 xnvr.
697 861 779 948 (Aa.
799 863 830 925 a
853 861 917 944 13.)

521 1028 661 1078 CICERO
685 1029 825 1077 ATTICO
850 1029 926 1078 SAL

143 1191 144 1200 ¹
168 1193 178 1228 1
249 1161 475 1245 Lippitudinis
499 1182 595 1226 meae
620 1163 752 1246 signum
778 1163 840 1226 tihi
864 1163 909 1226 sit
933 1162 1047 1226 librari
1070 1184 1194 1228 manus
1217 1175 1244 1226 et

199 1272 316 1334 eadem
342 1291 441 1334 causa
465 1271 648 1346 brevitatis,
667 1272 732 1335 etsi
757 1293 847 1335 nunc
863 1271 997 1354 quidem
1014 1273 1103 1354 quod
1127 1273 1245 1336 scribe-

200 1400 269 1443 rem
302 1378 384 1442 nihil
421 1388 500 1443 erat.
567 1380 689 1443 Omnis
723 1379 929 1461 exspectatio
962 1389 1079 1442 nostra
1110 1389 1185 1444 erat
1216 1383 1245 1443 in

163 1560 168 1566 ,
200 1488 328 1550 nuntiis
370 1487 590 1551 Brundisinis.
642 1487 680 1552 Si
711 1496 830 1551 nactus
866 1488 921 1551 hic
961 1498 1053 1551 esset
1095 1488 1245 1552 Gnaeum

200 1605 361 1670 nostrum,
389 1616 466 1677 spes
499 1595 599 1658 dubia
631 1595 733 1676 pacis,
761 1595 813 1659 sin
846 1595 901 1659 ille
930 1605 1010 1659 ante
1037 1596 1244 1670 tramisisset,

200 1704 334 1768 exitiosi
358 1704 437 1768 belli
461 1713 582 1768 metus,
640 1703 708 1768 Sed
733 1705 871 1767 videsne
895 1705 929 1766 in
954 1725 1053 1786 quern
1078 1705 1246 1768 hominem

201 1813 356 1875 inciderit
373 1832 426 1875 res
446 1812 606 1894 publica?
634 1833 738 1896 quam
762 1823 906 1887 acutum,
925 1833 1024 1894 quam
1042 1813 1246 1895 vigilantem,

200 1941 299 2002 quam
316 1921 492 2002 paratum?
541 1919 579 1984 Si
595 1921 786 1983 mehercule
808 1921 976 1983 neminem
1001 1921 1164 1985 occiderit
1189 1943 1248 1984 nec

202 2029 355 2111 cuiquam
380 2028 555 2112 quicquam
581 2028 753 2104 ademerit,
780 2029 821 2092 ab
854 2029 895 2097 iis
919 2029 977 2112 qui
1005 2049 1081 2092 eum
1106 2029 1248 2092 maxime

169 2138 381 2200 ztimuerant
407 2138 549 2200 maxime
566 2137 735 2219 diligetur.
786 2138 930 2201 Multum
956 2158 1087 2202 mecum
1112 2140 1249 2202 munici·

201 2246 293 2329 pales
326 2246 478 2308 homines
511 2247 702 2328 loquuntur,
736 2245 878 2309 multum
919 2246 1088 2310 rusticani.
1156 2241 1273 2326 Nihili

202 2375 336 2436 prorsus
354 2355 442 2417 aliud
466 2364 583 2417 curant
609 2355 674 2417 nisi
698 2375 806 2437 agros
826 2354 891 2417 nisi
907 2354 1048 2429 villulas,
1066 2354 1134 2417 nisi
1158 2376 1248 2417 num·

201 2461 309 2525 mulos
335 2483 423 2525 suos.
474 2463 518 2525 Et
543 2463 619 2525 vide
644 2484 743 2545 quam
776 2483 938 2526 conversa
969 2483 1023 2525 res
1052 2472 1125 2525 est:
1158 2447 1273 2538 illumi

202 2592 267 2653 quo
299 2579 398 2633 antea
430 2571 642 2634 confidebant
682 2580 848 2645 metuunt,
884 2571 973 2633 hunc
1004 2580 1118 2633 amant
1151 2592 1247 2653 quem
1272 2611 1273 2660 3

236 2712 335 2760 XLVI.
345 2712 471 2768 Formiae,
479 2711 698 2773 March1,4913.c.
752 2712 828 2761 vide.
865 2711 906 2759 Cf.
919 2712 966 2759 hoc
982 2712 1018 2759 sis
1031 2711 1105 2776 (=si
1120 2711 1174 2775 vc's)
1189 2713 1247 2766 vtile,
1272 2709 1273 2778 l

238 2793 259 2827 1.
277 2778 373 2827 librari
392 2792 514 2827 manus:
536 2778 567 2826 cf.
583 2779 645 2826 Intr.
658 2776 698 2837 64.
751 2786 781 2825 ut
798 2780 866 2827 alias
885 2795 925 2826 res
943 2786 1033 2841 agunt,
1053 2778 1138 2825 Plaut.
1159 2780 1247 2826 Pseud.

195 2863 235 2881 ·—
246 2846 311 2893 hic:
341 2848 378 2892 ie.
406 2844 631 2893 Caesar—ille:
661 2847 699 2892 ie.
754 2857 807 2909 152.
833 2845 882 2893 See
894 2846 949 2893 also
963 2843 1161 2904 lntr.84aand
1174 2861 1246 2909 quam
1272 2883 1273 2888 ,

204 2912 571 2975 Pompey.—tramisisset:
598 2928 629 2958 sc.
654 2910 699 2959 the
751 2913 873 2960 sollicitus
890 2928 955 2966 sum,
975 2912 1023 2975 Ep.
1042 2911 1176 2969 XLVIII.
1198 2926 1208 2959 1
1227 2928 1248 2958 n.

203 2979 463 3041 Adriatic-quam
488 2985 614 3036 acutum,
639 2985 699 3026 etc:
750 2979 878 3027 -hunc:
891 2980 928 3026 iu.
941 2980 1080 3027 Caesarem.
1107 2978 1168 3026 The
1181 2987 1249 3041 petty

203 3046 232 3093 of
246 3061 338 3094 course
350 3044 505 3107 descriptive
519 3044 548 3091 of
566 3045 671 3093 Caesar.
750 3044 846 3093 landed
869 3046 1029 3108 proprietors
1052 3043 1105 3092 had
1135 3044 1249 3094 dreaded

238 3126 259 3160 2.
271 3111 622 3170 villulas,nummulos:cf.
634 3112 698 3159 Intr.
752 3111 851 3159 Caesar
870 3111 983 3160 because
1003 3109 1032 3159 of
1054 3111 1095 3159 his
1116 3112 1250 3175 supposed
1272 3131 1273 3142 π

203 3178 242 3241 76.
252 3208 286 3215 -
298 3193 385 3241 quam
409 3192 549 3226 conversa
570 3192 616 3227 res
638 3185 699 3226 est:
751 3178 944 3241 revolutionary
955 3178 1101 3240 principles,
1114 3178 1157 3226 his
1173 3179 1251 3241 pren'-
1272 3167 1273 3196 l

203 3247 228 3293 in
249 3247 356 3294 Plautus
374 3245 418 3293 the
432 3245 570 3293 indicative
583 3261 635 3293 was
652 3244 700 3292 fre·
751 3260 800 3293 ous
813 3252 1001 3306 extravagence
1017 3243 1069 3291 and
1085 3244 1250 3309 bankruptcy

203 3313 311 3377 quently
324 3310 388 3360 used
404 3312 430 3359 in
449 3312 517 3359 what
531 3326 601 3360 seem
621 3320 649 3359 to
667 3310 700 3358 be
751 3310 778 3358 in
792 3311 884 3367 Rome,
893 3310 933 3359 his
942 3311 1040 3359 former
1051 3310 1172 3372 political
1185 3328 1250 3361 asso·

202 3378 276 3427 indir.
300 3378 443 3441 questions,
470 3378 607 3441 especially
633 3378 700 3426 after
751 3378 839 3432 ciates‚
857 3376 909 3425 and
927 3377 967 3425 his
986 3384 1090 3439 present
1110 3376 1249 3426 followers

183 3445 300 3504 ¹certain
329 3444 493 3506 imperatives
520 3443 571 3491 and
593 3445 700 3507 impera·
753 3444 794 3491 Ci.
805 3445 949 3500 multitado,
960 3445 1007 3506 Ep.
1018 3443 1166 3503 XLV.4n.
1200 3445 1250 3492 The

203 3512 256 3559 tive
273 3511 408 3574 questions
428 3510 471 3571 (cf.
490 3511 606 3559 Morris’s
625 3513 699 3558 Pseu-
751 3510 832 3559 dread
852 3510 882 3557 oi
904 3510 978 3558 these
999 3510 1091 3572 people
1112 3508 1171 3557 had
1189 3511 1249 3559 been
1272 3511 1273 3516 ’

203 3579 282 3633 dolus,
302 3592 324 3623 v.
345 3577 400 3632 262,
417 3575 470 3623 and
488 3577 518 3623 E.
537 3576 642 3632 Becker,
659 3578 701 3623 De
752 3576 845 3625 turned
861 3577 918 3624 into
935 3576 1058 3624 affection
1075 3575 1179 3639 hythe
1198 3593 1250 3639 gen·

204 3645 316 3704 Syntuxe'
332 3644 566 3704 Inter-rogationum
583 3644 701 3705 Obliqua-
753 3644 850 3707 erosity
872 3642 933 3691 with
957 3642 1041 3690 which
1070 3642 1176 3691 Caesar
1206 3642 1249 3692 had

205 3725 272 3765 rum,
294 3708 363 3770 etc).
399 3707 430 3756 In
454 3706 506 3755 this
528 3723 639 3769 passage
663 3722 701 3755 we
753 3708 855 3757 treated
868 3708 912 3756 the
924 3708 1083 3757 inhabitants
1095 3708 1126 3756 of
1137 3710 1190 3759 the
1202 3726 1251 3773 cap

203 3774 271 3822 have
284 3790 299 3821 a
308 3774 423 3823 survival
432 3772 462 3822 of
474 3772 531 3821 that
544 3788 622 3835 usage
635 3772 703 3821 after
754 3774 830 3823 tured
842 3782 925 3823 towns
939 3774 982 3841 (cf.
996 3775 1071 3823 Caes.
1081 3776 1114 3823 B.
1127 3777 1159 3824 C.
1173 3778 1196 3825 Ι.
1211 3791 1247 3825 21-
