2575 4200
209 265 259 315 220
527 264 695 313 CICERO‘S
720 265 893 314 LETTERS.
1055 264 1110 330 [Ep.
1121 266 1221 313 LXXIV.

209 441 335 515 putem,
354 430 413 495 sed
430 440 543 497 tamen
560 431 711 495 hilaritas
732 430 788 495 illa
810 440 925 495 nostra
949 442 984 495 et
1009 432 1143 496 suavitas
1155 452 1225 514 quae

208 548 243 603 te
267 549 401 623 praeter
425 548 557 605 ceteros
582 538 773 604 delectabat
798 548 915 622 erepta
938 540 1022 603 mihi
1045 541 1143 603 omnis
1162 550 1228 614 est3

208 644 401 711 firmitatem
430 656 543 711 tamen
576 657 610 711 et
642 648 880 723 constantiam,
911 648 940 711 si
973 649 1072 711 modo
1100 648 1156 711 fuit
1180 647 1228 710 ali-

208 756 340 839 quando
369 756 403 819 in
432 755 539 831 nobis,
566 757 708 819 eandem
734 776 919 839 cognosces
948 777 1048 839 quam
1079 756 1228 839 reliquisti.
1261 804 1263 814 ζ

176 893 189 925 2
210 864 309 947 Quod
327 862 446 927 scribis
465 864 592 946 proelia
615 875 651 927 te
675 884 749 928 mea
773 885 875 955 causa
899 865 1076 941 sustinere,
1094 885 1153 929 non
1171 874 1230 926 tam

208 970 241 1035 id
265 971 379 1035 laboro
405 981 451 1047 ut,
479 970 506 1035 si
531 972 588 1055 qui
617 972 700 1035 mihi
724 972 926 1048 obtrectent,
950 993 971 1037 a
995 980 1031 1036 te
1054 973 1231 1046 refutentur,

207 1100 306 1163 quam
329 1079 482 1163 intellegi
506 1080 614 1161 cupio,
633 1081 723 1163 quod
748 1091 840 1144 certe
865 1081 1082 1164 intellegitur,
1100 1101 1149 1144 me
1168 1101 1184 1143 a
1203 1089 1234 1141 te

207 1188 318 1253 amari.
381 1188 480 1271 Quod
513 1196 550 1251 ut
583 1188 686 1251 facias
718 1197 753 1251 te
786 1190 887 1252 etiam
916 1198 1018 1272 atque
1044 1190 1140 1253 etiam
1164 1208 1235 1269 rogo

207 1298 429 1379 ignoscasque
446 1296 604 1359 brevitati
620 1296 808 1359 litterarum
822 1318 987 1375 mearum;
1004 1318 1082 1361 nam
1094 1307 1126 1360 et
1138 1295 1235 1362 celeri·

206 1413 258 1467 ter
275 1424 341 1468 una
356 1404 490 1467 futuros
507 1425 569 1468 nos
586 1404 730 1467 arbitror
747 1414 780 1467 et
798 1406 948 1468 nondum
973 1406 1055 1470 satis
1080 1426 1150 1469 sum
1171 1424 1235 1468 con-

206 1513 358 1575 firmatus
374 1513 416 1575 ad
433 1512 658 1577 scribendum.

508 1764 674 1830 LXXIV.
711 1766 795 1850 (An.
818 1784 868 1831 12.
888 1766 956 1851 32.)
1261 1785 1263 1862 p

524 1938 664 1988 CICERO
689 1940 830 1989 ATTICO
853 1940 931 1989 SAL.

174 2093 184 2129 1
252 2072 348 2138 Haec
363 2075 404 2138 ad
421 2082 456 2138 te
473 2094 548 2138 mea
563 2094 674 2139 manu.
717 2074 815 2151 Vide,
834 2095 968 2158 quaeso,
987 2075 1069 2158 quid
1085 2074 1237 2158 agendum

205 2181 258 2245 sit.
310 2181 451 2246 Publilia
474 2183 515 2245 ad
540 2203 594 2246 me
621 2183 756 2265 scripsit
781 2193 923 2247 matrem
948 2194 1146 2247 suam—ut
1172 2198 1262 2271 euml

206 2288 347 2353 Publilio
363 2290 623 2372 loquerer-ad
641 2311 695 2353 me
712 2311 788 2354 cum
806 2291 863 2354 illo
876 2301 1054 2355 venturam
1071 2301 1106 2355 et
1123 2312 1158 2355 se
1172 2310 1237 2362 una,
1261 2284 1262 2313 ³

205 2398 233 2460 si
257 2417 320 2480 ego
344 2407 486 2479 paterer.
536 2397 620 2462 Orat
646 2398 761 2462 multis
786 2408 821 2462 et
846 2398 1055 2481 supplicibus
1079 2399 1185 2463 verbis
1208 2407 1238 2459 ut
1261 2396 1262 2423 ³

204 2505 302 2568 liceat
325 2515 365 2568 -et
395 2517 431 2570 ut
461 2506 526 2570 sibi
554 2507 746 2570 rescribam.
809 2508 880 2570 Res
908 2527 1008 2590 quam
1038 2508 1178 2571 molesta
1202 2506 1238 2568 sit

203 2613 307 2678 vides.
358 2615 530 2696 Rescripsi
555 2615 637 2677 mihi
665 2615 767 2678 etiam
796 2615 931 2698 gravius
955 2636 1031 2679 esse
1055 2625 1238 2700 quamtum

204 2771 279 2820 nibus
301 2773 357 2819 telis
371 2772 499 2836 fortunae
515 2774 645 2834 proposita
668 2774 704 2821 sit
752 2789 804 2836 qua
816 2774 884 2821 hanc
895 2775 1027 2822 tristitiam
1041 2782 1182 2836 temporum
1193 2787 1238 2820 con-

203 2843 256 2884 vata
274 2845 368 2885 nostra.
405 2839 445 2886 Cf.
462 2839 519 2887 also
536 2841 610 2886 Fam.
625 2852 646 2903 5.
662 2852 699 2900 17.
753 2840 882 2887 diebamus
893 2843 923 2886 in
931 2847 1082 2902 perpetuum
1096 2843 1179 2889 amisi.

205 2910 254 2967 3te
269 2910 300 2951 ut
315 2905 435 2952 hortarer
451 2921 615 2968 rogaremque
632 2912 703 2953 utet
786 2919 809 2953 2.
827 2906 936 2968 proelia
948 2914 978 2954 te
991 2907 1154 2956 sustinere:
1172 2906 1238 2967 Quin·

97 3014 99 3021 ,
203 2971 330 3018 hominem
350 2977 373 3019 te
392 2977 417 3018 et
431 2973 518 3019 airum
542 2987 593 3020 esse
615 2974 701 3019 memi-
752 2980 803 3028 tus,
828 2973 943 3022 Cicero's
972 2974 1090 3036 nephew,
1116 2974 1174 3021 who
1196 2986 1238 3020 was

205 3039 291 3092 nisses,
304 3038 334 3084 id
348 3044 390 3094 est,
403 3043 433 3084 ut
448 3044 472 3084 et
487 3053 645 3086 communem
663 3040 700 3086 in·
752 3038 814 3086 with
828 3040 926 3088 Caesar
942 3039 969 3086 in
988 3040 1078 3102 Spain,
1090 3055 1144 3090 was
1161 3039 1238 3103 speak-

204 3110 348 3166 certumque
364 3119 458 3161 casum,
475 3119 547 3166 quem
567 3121 648 3168 neque
664 3107 700 3152 ai·
750 3104 796 3166 ing
808 3105 835 3152 ill
848 3105 877 3152 of
894 3106 935 3154 his
948 3107 1023 3154 uncle
1035 3114 1064 3154 to
1077 3107 1183 3156 Caesar.

204 3176 260 3217 tare
275 3171 410 3232 quisquam
432 3176 546 3218 nastrum
567 3187 610 3218 nec
625 3178 701 3232 prae-
780 3172 905 3219 LXXIV.
920 3174 1025 3230 Astura,
1034 3173 1102 3221 Mar.
1112 3173 1237 3237 28,45B.c.

203 3243 272 3283 stare
294 3237 347 3284 ulla
364 3242 439 3297 pacta
461 3244 549 3298 potest,
572 3239 700 3299 sapienter
787 3251 808 3284 1.
827 3251 893 3286 mea
911 3251 1017 3288 manu:
1035 3238 1069 3286 cf.
1090 3240 1155 3288 intr.
1169 3241 1238 3298 64.-

195 3303 284 3366 ferres
294 3309 319 3350 et
327 3303 411 3350 dolari
417 3303 525 3366 fhrtiter
534 3319 564 3350 ac
573 3305 700 3368 fortunae
753 3304 890 3353 Publilia:
903 3305 1011 3353 cf.1ntr.
1024 3317 1103 3370 52—
1112 3306 1237 3355 Publilio:

203 3369 515 3418 resisteres-hilaritas
528 3369 575 3418 illa
587 3378 698 3418 nostra:
750 3371 795 3419 the
819 3371 925 3420 brother
948 3372 978 3419 oi
1002 3371 1237 3420 Publilia—tum:

204 3435 247 3483 the
259 3435 345 3500 gaiety
354 3435 437 3483 which
448 3436 541 3484 Cicero
553 3435 660 3484 showed
672 3437 698 3484 in
752 3437 863 3486 Publilia
877 3453 961 3486 seems
978 3445 1007 3486 to
1025 3437 1093 3486 have
1110 3439 1159 3488 felt
1176 3451 1238 3486 some

203 3502 243 3550 his
260 3502 349 3551 letters
367 3509 395 3550 to
413 3501 510 3550 Fadius
526 3503 617 3552 Gallus
637 3504 697 3566 (Ep.
749 3503 868 3569 jealousy
891 3504 920 3552 of
947 3505 992 3552 the
1015 3504 1143 3553 devotion
1166 3505 1237 3552 which

204 3569 270 3632 IV.),
289 3577 317 3617 to
338 3569 476 3618 Trebatius
498 3569 557 3631 (Ep.
577 3570 699 3618 XXIV.-
750 3571 843 3619 Cicero
867 3570 1036 3620 showedtor
1052 3571 1094 3620 his
1112 3571 1237 3635 daughter,

203 3635 313 3690 XXVI..
334 3635 487 3698 XXVIII.),
502 3651 532 3683 or
553 3643 580 3684 to
602 3638 698 3685 Paetus
748 3636 800 3684 and
817 3637 863 3686 the
879 3638 971 3685 failure
988 3653 1023 3685 on
1043 3637 1178 3687 Publilia’s
1189 3646 1238 3701 part

204 3701 262 3762 (Ep.
274 3702 472 3758 LXl.-LXIV.,
483 3702 617 3762 LXVII.).
654 3702 700 3755 Cf..
748 3711 777 3750 to
788 3703 862 3752 show
871 3719 887 3752 a
895 3719 989 3767 proper
997 3702 1095 3767 feeling
1103 3712 1132 3752 at
1140 3705 1238 3753 Tullia's
1261 3764 1262 3767 Ἴ

203 3764 258 3812 also
268 3767 319 3813 Att.
333 3779 369 3812 12.
380 3781 418 3826 40.
430 3780 445 3831 3
455 3767 610 3815 hilaritatem
621 3769 695 3816 illam
748 3768 826 3818 death
838 3769 881 3817 led
889 3770 942 3818 him
951 3778 980 3817 to
988 3780 1108 3834 separate
1116 3771 1185 3820 from
1193 3772 1236 3820 her.
