<?xml version="1.0" encoding="UTF-8"?>
<!DOCTYPE html PUBLIC "-//W3C//DTD XHTML 1.0 Transitional//EN"
    "http://www.w3.org/TR/xhtml1/DTD/xhtml1-transitional.dtd">
<html xmlns="http://www.w3.org/1999/xhtml" xml:lang="en" lang="en">
 <head>
  <title>
</title>
<meta http-equiv="Content-Type" content="text/html;charset=utf-8" />
  <meta name='ocr-system' content='tesseract 3.04.00' />
  <meta name='ocr-capabilities' content='ocr_page ocr_carea ocr_par ocr_line ocrx_word'/>
</head>
<body>
  <div class='ocr_page' id='page_1' title='image "./selectedletters00unkngoog_0335.png"; bbox 0 0 2575 4200; ppageno 0'>
   <div class='ocr_carea' id='block_1_1' title="bbox 369 218 1080 297">
    <p class='ocr_par' dir='ltr' id='par_1_1' title="bbox 369 218 1080 297">
     <span class='ocr_line' id='line_1_1' title="bbox 369 218 1080 297; baseline 0.006 -4"><span class='ocrx_word' id='word_1_1' title='bbox 369 245 539 295; x_wconf 69' lang='lat' dir='ltr'>crcaxo’s</span> <span class='ocrx_word' id='word_1_2' title='bbox 564 246 739 295; x_wconf 70' lang='lat' dir='ltr'>Lamnus.</span> <span class='ocrx_word' id='word_1_3' title='bbox 828 218 832 231; x_wconf 88' lang='grc'><strong>’</strong></span> <span class='ocrx_word' id='word_1_4' title='bbox 1029 245 1080 297; x_wconf 79' lang='lat'>253</span> 
     </span>
    </p>
   </div>
   <div class='ocr_carea' id='block_1_2' title="bbox 5 215 202 311">
    <p class='ocr_par' dir='ltr' id='par_1_2' title="bbox 5 215 202 311">
     <span class='ocr_line' id='line_1_2' title="bbox 5 215 202 311; baseline -0.01 -16"><span class='ocrx_word' id='word_1_5' title='bbox 5 215 6 218; x_wconf 8' lang='grc' dir='ltr'><strong>Ἴ</strong></span> <span class='ocrx_word' id='word_1_6' title='bbox 21 249 97 295; x_wconf 86' lang='lat' dir='ltr'><em>Fam.</em></span> <span class='ocrx_word' id='word_1_7' title='bbox 111 260 135 310; x_wconf 89' lang='lat'>9.</span> <span class='ocrx_word' id='word_1_8' title='bbox 152 245 202 311; x_wconf 74' lang='lat'>14]</span> 
     </span>
    </p>
   </div>
   <div class='ocr_carea' id='block_1_3' title="bbox 5 412 1184 2988">
    <p class='ocr_par' dir='ltr' id='par_1_3' title="bbox 5 412 1184 2988">
     <span class='ocr_line' id='line_1_3' title="bbox 20 412 1079 495; baseline 0.002 -20"><span class='ocrx_word' id='word_1_9' title='bbox 20 414 127 476; x_wconf 92' lang='lat' dir='ltr'>modo</span> <span class='ocrx_word' id='word_1_10' title='bbox 155 421 234 475; x_wconf 89' lang='lat' dir='ltr'>sunt</span> <span class='ocrx_word' id='word_1_11' title='bbox 263 413 393 495; x_wconf 84' lang='lat' dir='ltr'>aliquae</span> <span class='ocrx_word' id='word_1_12' title='bbox 418 432 522 486; x_wconf 90' lang='lat' dir='ltr'>meae,</span> <span class='ocrx_word' id='word_1_13' title='bbox 552 412 667 476; x_wconf 91' lang='lat' dir='ltr'>laudes</span> <span class='ocrx_word' id='word_1_14' title='bbox 699 413 741 475; x_wconf 92' lang='lat' dir='ltr'>ad</span> <span class='ocrx_word' id='word_1_15' title='bbox 773 423 808 476; x_wconf 95' lang='lat' dir='ltr'>te</span> <span class='ocrx_word' id='word_1_16' title='bbox 840 415 1079 477; x_wconf 85' lang='lat' dir='ltr'><strong>transfuderim</strong></span> 
     </span>
     <span class='ocr_line' id='line_1_4' title="bbox 5 508 1079 606; baseline 0.004 -23"><span class='ocrx_word' id='word_1_17' title='bbox 5 508 129 606; x_wconf 59' lang='lat' dir='ltr'>’quarn</span> <span class='ocrx_word' id='word_1_18' title='bbox 146 520 291 603; x_wconf 84' lang='lat' dir='ltr'>aliquam</span> <span class='ocrx_word' id='word_1_19' title='bbox 308 530 438 602; x_wconf 90' lang='lat' dir='ltr'>partem</span> <span class='ocrx_word' id='word_1_20' title='bbox 460 520 671 583; x_wconf 84' lang='lat' dir='ltr'>exhauserim</span> <span class='ocrx_word' id='word_1_21' title='bbox 698 542 738 584; x_wconf 93' lang='lat' dir='ltr'>ex</span> <span class='ocrx_word' id='word_1_22' title='bbox 762 521 856 605; x_wconf 34' lang='lat' dir='ltr'>tuis·</span> <span class='ocrx_word' id='word_1_23' title='bbox 890 523 978 586; x_wconf 92' lang='lat' dir='ltr'>Nam</span> <span class='ocrx_word' id='word_1_24' title='bbox 1003 544 1079 587; x_wconf 90' lang='lat' dir='ltr'>cum</span> 
     </span>
     <span class='ocr_line' id='line_1_5' title="bbox 19 628 1080 714; baseline 0.004 -22"><span class='ocrx_word' id='word_1_25' title='bbox 19 639 55 692; x_wconf 92' lang='lat' dir='ltr'>te</span> <span class='ocrx_word' id='word_1_26' title='bbox 85 650 225 711; x_wconf 86' lang='lat' dir='ltr'>semper</span> <span class='ocrx_word' id='word_1_27' title='bbox 251 638 384 693; x_wconf 89' lang='lat' dir='ltr'>tantum</span> <span class='ocrx_word' id='word_1_28' title='bbox 416 628 591 691; x_wconf 85' lang='lat' dir='ltr'>dilexerim</span> <span class='ocrx_word' id='word_1_29' title='bbox 617 638 779 711; x_wconf 90' lang='lat' dir='ltr'>quantum</span> <span class='ocrx_word' id='word_1_30' title='bbox 812 639 849 692; x_wconf 89' lang='lat' dir='ltr'>tu</span> <span class='ocrx_word' id='word_1_31' title='bbox 883 631 1080 714; x_wconf 87' lang='lat' dir='ltr'>intellegere</span> 
     </span>
     <span class='ocr_line' id='line_1_6' title="bbox 19 737 1080 820; baseline 0.002 -19"><span class='ocrx_word' id='word_1_32' title='bbox 19 738 180 820; x_wconf 91' lang='lat' dir='ltr'>potuisti,</span> <span class='ocrx_word' id='word_1_33' title='bbox 200 746 272 800; x_wconf 92' lang='lat' dir='ltr'>tum</span> <span class='ocrx_word' id='word_1_34' title='bbox 289 737 341 800; x_wconf 93' lang='lat' dir='ltr'>his</span> <span class='ocrx_word' id='word_1_35' title='bbox 361 737 428 801; x_wconf 90' lang='lat' dir='ltr'>tuis</span> <span class='ocrx_word' id='word_1_36' title='bbox 453 737 553 801; x_wconf 85' lang='lat' dir='ltr'>iactis</span> <span class='ocrx_word' id='word_1_37' title='bbox 579 737 628 800; x_wconf 92' lang='lat' dir='ltr'>sic</span> <span class='ocrx_word' id='word_1_38' title='bbox 652 738 810 801; x_wconf 92' lang='lat' dir='ltr'>incensus</span> <span class='ocrx_word' id='word_1_39' title='bbox 836 759 909 802; x_wconf 90' lang='lat' dir='ltr'>sum</span> <span class='ocrx_word' id='word_1_40' title='bbox 935 748 971 803; x_wconf 92' lang='lat' dir='ltr'>ut</span> <span class='ocrx_word' id='word_1_41' title='bbox 996 740 1080 803; x_wconf 92' lang='lat' dir='ltr'>nihil</span> 
     </span>
     <span class='ocr_line' id='line_1_7' title="bbox 19 845 1076 935; baseline 0.003 -26"><span class='ocrx_word' id='word_1_42' title='bbox 19 866 188 928; x_wconf 89' lang='lat' dir='ltr'>umquam</span> <span class='ocrx_word' id='word_1_43' title='bbox 216 846 250 908; x_wconf 92' lang='lat' dir='ltr'>in</span> <span class='ocrx_word' id='word_1_44' title='bbox 278 866 391 909; x_wconf 91' lang='lat' dir='ltr'>amore</span> <span class='ocrx_word' id='word_1_45' title='bbox 422 846 525 909; x_wconf 79' lang='lat' dir='ltr'>fuerit</span> <span class='ocrx_word' id='word_1_46' title='bbox 553 845 726 909; x_wconf 86' lang='lat' dir='ltr'>ardentius</span> <span class='ocrx_word' id='word_1_47' title='bbox 738 868 746 923; x_wconf 87' lang='lat'>;</span> <span class='ocrx_word' id='word_1_48' title='bbox 778 846 861 909; x_wconf 93' lang='lat' dir='ltr'>nihil</span> <span class='ocrx_word' id='word_1_49' title='bbox 893 857 945 935; x_wconf 87' lang='lat' dir='ltr'>est</span> <span class='ocrx_word' id='word_1_50' title='bbox 978 850 1076 925; x_wconf 92' lang='lat' dir='ltr'>enim,</span> 
     </span>
     <span class='ocr_line' id='line_1_8' title="bbox 19 953 1184 1037; baseline 0.002 -20"><span class='ocrx_word' id='word_1_51' title='bbox 19 954 111 1017; x_wconf 92' lang='lat' dir='ltr'>mihi</span> <span class='ocrx_word' id='word_1_52' title='bbox 145 953 253 1029; x_wconf 92' lang='lat' dir='ltr'>crede,</span> <span class='ocrx_word' id='word_1_53' title='bbox 283 954 408 1017; x_wconf 90' lang='lat' dir='ltr'>virtute</span> <span class='ocrx_word' id='word_1_54' title='bbox 439 954 630 1029; x_wconf 72' lang='lat' dir='ltr'>formosius</span> <span class='ocrx_word' id='word_1_55' title='bbox 666 953 748 1017; x_wconf 92' lang='lat' dir='ltr'>nihil</span> <span class='ocrx_word' id='word_1_56' title='bbox 780 955 961 1037; x_wconf 71' lang='lat' dir='ltr'>pulchrius</span> <span class='ocrx_word' id='word_1_57' title='bbox 995 956 1078 1019; x_wconf 90' lang='lat' dir='ltr'>nihil</span> <span class='ocrx_word' id='word_1_58' title='bbox 1168 962 1184 1035; x_wconf 70' lang='lat' dir='ltr'>j</span> 
     </span>
     <span class='ocr_line' id='line_1_9' title="bbox 18 1062 1111 1147; baseline 0.002 -21"><span class='ocrx_word' id='word_1_59' title='bbox 18 1062 217 1126; x_wconf 89' lang='lat' dir='ltr'>amabilius.</span> <span class='ocrx_word' id='word_1_60' title='bbox 268 1062 409 1144; x_wconf 90' lang='lat' dir='ltr'>Semper</span> <span class='ocrx_word' id='word_1_61' title='bbox 424 1062 542 1138; x_wconf 90' lang='lat' dir='ltr'>amavi,</span> <span class='ocrx_word' id='word_1_62' title='bbox 562 1071 600 1125; x_wconf 91' lang='lat' dir='ltr'>ut</span> <span class='ocrx_word' id='word_1_63' title='bbox 617 1062 695 1139; x_wconf 92' lang='lat' dir='ltr'>scis,</span> <span class='ocrx_word' id='word_1_64' title='bbox 715 1064 762 1126; x_wconf 91' lang='lat' dir='ltr'>M.</span> <span class='ocrx_word' id='word_1_65' title='bbox 781 1064 922 1126; x_wconf 89' lang='lat' dir='ltr'>Brutum</span> <span class='ocrx_word' id='word_1_66' title='bbox 942 1075 1080 1147; x_wconf 90' lang='lat' dir='ltr'>propter</span> <span class='ocrx_word' id='word_1_67' title='bbox 1099 1084 1111 1137; x_wconf 80' lang='lat' dir='ltr'>s</span> 
     </span>
     <span class='ocr_line' id='line_1_10' title="bbox 19 1153 1155 1255; baseline 0.003 -21"><span class='ocrx_word' id='word_1_68' title='bbox 19 1172 99 1235; x_wconf 91' lang='lat' dir='ltr'>eius</span> <span class='ocrx_word' id='word_1_69' title='bbox 132 1190 301 1233; x_wconf 92' lang='lat' dir='ltr'>summum</span> <span class='ocrx_word' id='word_1_70' title='bbox 331 1171 515 1253; x_wconf 87' lang='lat' dir='ltr'>ingenium,</span> <span class='ocrx_word' id='word_1_71' title='bbox 542 1171 760 1235; x_wconf 88' lang='lat' dir='ltr'>suavissimos</span> <span class='ocrx_word' id='word_1_72' title='bbox 789 1192 909 1247; x_wconf 91' lang='lat' dir='ltr'>mores,</span> <span class='ocrx_word' id='word_1_73' title='bbox 936 1173 1079 1255; x_wconf 90' lang='lat' dir='ltr'>singula·</span> <span class='ocrx_word' id='word_1_74' title='bbox 1152 1153 1155 1159; x_wconf 44' lang='grc'><strong>’</strong></span> 
     </span>
     <span class='ocr_line' id='line_1_11' title="bbox 19 1278 1079 1361; baseline 0.003 -19"><span class='ocrx_word' id='word_1_75' title='bbox 19 1300 97 1343; x_wconf 92' lang='lat' dir='ltr'>rem</span> <span class='ocrx_word' id='word_1_76' title='bbox 117 1279 322 1361; x_wconf 87' lang='lat' dir='ltr'>probitatem</span> <span class='ocrx_word' id='word_1_77' title='bbox 339 1278 440 1361; x_wconf 91' lang='lat' dir='ltr'>atque</span> <span class='ocrx_word' id='word_1_78' title='bbox 457 1279 698 1357; x_wconf 90' lang='lat' dir='ltr'>constantiam;</span> <span class='ocrx_word' id='word_1_79' title='bbox 721 1288 834 1343; x_wconf 92' lang='lat' dir='ltr'>tamen</span> <span class='ocrx_word' id='word_1_80' title='bbox 859 1281 975 1344; x_wconf 91' lang='lat' dir='ltr'>Idibus</span> <span class='ocrx_word' id='word_1_81' title='bbox 993 1283 1079 1345; x_wconf 91' lang='lat' dir='ltr'>Mar-</span> 
     </span>
     <span class='ocr_line' id='line_1_12' title="bbox 19 1387 1079 1454; baseline 0.002 -3"><span class='ocrx_word' id='word_1_82' title='bbox 19 1389 82 1451; x_wconf 90' lang='lat' dir='ltr'>tiis</span> <span class='ocrx_word' id='word_1_83' title='bbox 100 1396 238 1449; x_wconf 89' lang='lat' dir='ltr'>tantum</span> <span class='ocrx_word' id='word_1_84' title='bbox 255 1387 397 1450; x_wconf 91' lang='lat' dir='ltr'>accessit</span> <span class='ocrx_word' id='word_1_85' title='bbox 414 1388 456 1450; x_wconf 94' lang='lat' dir='ltr'>ad</span> <span class='ocrx_word' id='word_1_86' title='bbox 473 1407 619 1451; x_wconf 92' lang='lat' dir='ltr'>amorem</span> <span class='ocrx_word' id='word_1_87' title='bbox 637 1398 674 1451; x_wconf 89' lang='lat' dir='ltr'>ut</span> <span class='ocrx_word' id='word_1_88' title='bbox 692 1388 830 1451; x_wconf 92' lang='lat' dir='ltr'>mirarer</span> <span class='ocrx_word' id='word_1_89' title='bbox 845 1387 956 1452; x_wconf 91' lang='lat' dir='ltr'>locum</span> <span class='ocrx_word' id='word_1_90' title='bbox 974 1390 1079 1454; x_wconf 82' lang='lat' dir='ltr'>luisse</span> 
     </span>
     <span class='ocr_line' id='line_1_13' title="bbox 19 1484 1078 1580; baseline 0.001 -20"><span class='ocrx_word' id='word_1_91' title='bbox 19 1490 177 1580; x_wconf 88' lang='lat' dir='ltr'>augendi</span> <span class='ocrx_word' id='word_1_92' title='bbox 195 1496 229 1558; x_wconf 93' lang='lat' dir='ltr'>in</span> <span class='ocrx_word' id='word_1_93' title='bbox 245 1515 285 1559; x_wconf 94' lang='lat' dir='ltr'>eo</span> <span class='ocrx_word' id='word_1_94' title='bbox 302 1484 498 1577; x_wconf 29' lang='lat' dir='ltr'>quod-mihi</span> <span class='ocrx_word' id='word_1_95' title='bbox 524 1496 720 1578; x_wconf 91' lang='lat' dir='ltr'>iampridem</span> <span class='ocrx_word' id='word_1_96' title='bbox 745 1496 952 1561; x_wconf 90' lang='lat' dir='ltr'>cumulatum</span> <span class='ocrx_word' id='word_1_97' title='bbox 977 1499 1078 1561; x_wconf 92' lang='lat' dir='ltr'>etiam</span> 
     </span>
     <span class='ocr_line' id='line_1_14' title="bbox 18 1604 1079 1687; baseline 0.003 -20"><span class='ocrx_word' id='word_1_98' title='bbox 18 1606 215 1667; x_wconf 88' lang='lat' dir='ltr'>videbatur.</span> <span class='ocrx_word' id='word_1_99' title='bbox 279 1604 365 1687; x_wconf 81' lang='lat' dir='ltr'>Quis</span> <span class='ocrx_word' id='word_1_100' title='bbox 394 1614 465 1667; x_wconf 92' lang='lat' dir='ltr'>erat</span> <span class='ocrx_word' id='word_1_101' title='bbox 493 1605 551 1687; x_wconf 91' lang='lat' dir='ltr'>qui</span> <span class='ocrx_word' id='word_1_102' title='bbox 582 1613 717 1686; x_wconf 91' lang='lat' dir='ltr'>putaret</span> <span class='ocrx_word' id='word_1_103' title='bbox 749 1606 791 1667; x_wconf 96' lang='lat' dir='ltr'>ad</span> <span class='ocrx_word' id='word_1_104' title='bbox 824 1626 898 1668; x_wconf 89' lang='lat' dir='ltr'>eum</span> <span class='ocrx_word' id='word_1_105' title='bbox 932 1627 1079 1671; x_wconf 91' lang='lat' dir='ltr'>amorem</span> 
     </span>
     <span class='ocr_line' id='line_1_15' title="bbox 21 1712 1079 1796; baseline 0.003 -21"><span class='ocrx_word' id='word_1_106' title='bbox 21 1733 130 1796; x_wconf 92' lang='lat' dir='ltr'>quern</span> <span class='ocrx_word' id='word_1_107' title='bbox 149 1731 228 1794; x_wconf 90' lang='lat' dir='ltr'>erga</span> <span class='ocrx_word' id='word_1_108' title='bbox 247 1721 282 1775; x_wconf 92' lang='lat' dir='ltr'>te</span> <span class='ocrx_word' id='word_1_109' title='bbox 306 1712 470 1776; x_wconf 92' lang='lat' dir='ltr'>habebam</span> <span class='ocrx_word' id='word_1_110' title='bbox 494 1733 594 1794; x_wconf 89' lang='lat' dir='ltr'>posse</span> <span class='ocrx_word' id='word_1_111' title='bbox 619 1712 743 1795; x_wconf 92' lang='lat' dir='ltr'>aliquid</span> <span class='ocrx_word' id='word_1_112' title='bbox 768 1715 945 1777; x_wconf 89' lang='lat' dir='ltr'>accedere?</span> <span class='ocrx_word' id='word_1_113' title='bbox 993 1716 1079 1778; x_wconf 90' lang='lat' dir='ltr'>Tan-</span> 
     </span>
     <span class='ocr_line' id='line_1_16' title="bbox 20 1821 1080 1903; baseline 0.002 -18"><span class='ocrx_word' id='word_1_114' title='bbox 20 1831 103 1885; x_wconf 92' lang='lat' dir='ltr'>tum</span> <span class='ocrx_word' id='word_1_115' title='bbox 120 1821 265 1884; x_wconf 92' lang='lat' dir='ltr'>accessit</span> <span class='ocrx_word' id='word_1_116' title='bbox 282 1831 319 1883; x_wconf 93' lang='lat' dir='ltr'>ut</span> <span class='ocrx_word' id='word_1_117' title='bbox 337 1822 417 1884; x_wconf 95' lang='lat' dir='ltr'>mihi</span> <span class='ocrx_word' id='word_1_118' title='bbox 435 1842 524 1885; x_wconf 91' lang='lat' dir='ltr'>nunc</span> <span class='ocrx_word' id='word_1_119' title='bbox 541 1821 686 1903; x_wconf 91' lang='lat' dir='ltr'>denique</span> <span class='ocrx_word' id='word_1_120' title='bbox 710 1842 823 1886; x_wconf 89' lang='lat' dir='ltr'>amare</span> <span class='ocrx_word' id='word_1_121' title='bbox 838 1823 961 1898; x_wconf 89' lang='lat' dir='ltr'>videar,</span> <span class='ocrx_word' id='word_1_122' title='bbox 980 1835 1080 1887; x_wconf 88' lang='lat' dir='ltr'>antea</span> 
     </span>
     <span class='ocr_line' id='line_1_17' title="bbox 21 1929 1115 2014; baseline 0.002 -21"><span class='ocrx_word' id='word_1_123' title='bbox 21 1929 199 1993; x_wconf 87' lang='lat' dir='ltr'>dilexisse.</span> <span class='ocrx_word' id='word_1_124' title='bbox 250 1930 363 2012; x_wconf 86' lang='lat' dir='ltr'>Quare</span> <span class='ocrx_word' id='word_1_125' title='bbox 380 1930 460 2013; x_wconf 92' lang='lat' dir='ltr'>quid</span> <span class='ocrx_word' id='word_1_126' title='bbox 477 1939 529 1993; x_wconf 92' lang='lat' dir='ltr'>est</span> <span class='ocrx_word' id='word_1_127' title='bbox 546 1930 635 2012; x_wconf 92' lang='lat' dir='ltr'>quod</span> <span class='ocrx_word' id='word_1_128' title='bbox 653 1950 716 2012; x_wconf 91' lang='lat' dir='ltr'>ego</span> <span class='ocrx_word' id='word_1_129' title='bbox 733 1939 768 1993; x_wconf 92' lang='lat' dir='ltr'>te</span> <span class='ocrx_word' id='word_1_130' title='bbox 785 1932 899 1993; x_wconf 91' lang='lat' dir='ltr'>horter</span> <span class='ocrx_word' id='word_1_131' title='bbox 921 1941 957 1993; x_wconf 92' lang='lat' dir='ltr'>ut</span> <span class='ocrx_word' id='word_1_132' title='bbox 974 1932 1080 2014; x_wconf 91' lang='lat' dir='ltr'>digni·</span> <span class='ocrx_word' id='word_1_133' title='bbox 1097 1946 1115 1996; x_wconf 86' lang='lat'><strong>6</strong></span> 
     </span>
     <span class='ocr_line' id='line_1_18' title="bbox 22 2038 1076 2121; baseline 0.001 -18"><span class='ocrx_word' id='word_1_134' title='bbox 22 2038 94 2103; x_wconf 90' lang='lat' dir='ltr'>tati</span> <span class='ocrx_word' id='word_1_135' title='bbox 123 2046 158 2102; x_wconf 92' lang='lat' dir='ltr'>et</span> <span class='ocrx_word' id='word_1_136' title='bbox 186 2038 311 2121; x_wconf 90' lang='lat' dir='ltr'>gloriae</span> <span class='ocrx_word' id='word_1_137' title='bbox 340 2040 488 2106; x_wconf 86' lang='lat' dir='ltr'>servias?</span> <span class='ocrx_word' id='word_1_138' title='bbox 537 2039 724 2121; x_wconf 88' lang='lat' dir='ltr'>Proponam</span> <span class='ocrx_word' id='word_1_139' title='bbox 749 2039 815 2103; x_wconf 88' lang='lat' dir='ltr'>tibi</span> <span class='ocrx_word' id='word_1_140' title='bbox 843 2039 950 2104; x_wconf 89' lang='lat' dir='ltr'>claros</span> <span class='ocrx_word' id='word_1_141' title='bbox 978 2039 1076 2117; x_wconf 91' lang='lat' dir='ltr'>viros,</span> 
     </span>
     <span class='ocr_line' id='line_1_19' title="bbox 22 2147 1079 2231; baseline 0.002 -19"><span class='ocrx_word' id='word_1_142' title='bbox 22 2150 121 2231; x_wconf 91' lang='lat' dir='ltr'>quod</span> <span class='ocrx_word' id='word_1_143' title='bbox 148 2148 259 2212; x_wconf 86' lang='lat' dir='ltr'>facere</span> <span class='ocrx_word' id='word_1_144' title='bbox 284 2147 393 2212; x_wconf 89' lang='lat' dir='ltr'>solent</span> <span class='ocrx_word' id='word_1_145' title='bbox 419 2148 476 2230; x_wconf 94' lang='lat' dir='ltr'>qui</span> <span class='ocrx_word' id='word_1_146' title='bbox 508 2148 710 2211; x_wconf 88' lang='lat' dir='ltr'>hortantur?</span> <span class='ocrx_word' id='word_1_147' title='bbox 768 2148 947 2212; x_wconf 90' lang='lat' dir='ltr'>Neminem</span> <span class='ocrx_word' id='word_1_148' title='bbox 972 2149 1079 2214; x_wconf 91' lang='lat' dir='ltr'>habeo</span> 
     </span>
     <span class='ocr_line' id='line_1_20' title="bbox 22 2257 1078 2339; baseline -0.001 -17"><span class='ocrx_word' id='word_1_149' title='bbox 22 2257 206 2322; x_wconf 90' lang='lat' dir='ltr'>clariorem</span> <span class='ocrx_word' id='word_1_150' title='bbox 231 2278 331 2339; x_wconf 88' lang='lat' dir='ltr'>quam</span> <span class='ocrx_word' id='word_1_151' title='bbox 358 2266 392 2320; x_wconf 93' lang='lat' dir='ltr'>te</span> <span class='ocrx_word' id='word_1_152' title='bbox 419 2257 548 2339; x_wconf 91' lang='lat' dir='ltr'>ipsum;</span> <span class='ocrx_word' id='word_1_153' title='bbox 580 2266 617 2319; x_wconf 91' lang='lat' dir='ltr'>te</span> <span class='ocrx_word' id='word_1_154' title='bbox 641 2257 773 2319; x_wconf 89' lang='lat' dir='ltr'>imitere</span> <span class='ocrx_word' id='word_1_155' title='bbox 798 2267 939 2338; x_wconf 88' lang='lat' dir='ltr'>oportet,</span> <span class='ocrx_word' id='word_1_156' title='bbox 966 2268 1078 2323; x_wconf 88' lang='lat' dir='ltr'>tecum</span> 
     </span>
     <span class='ocr_line' id='line_1_21' title="bbox 22 2365 1079 2449; baseline 0 -19"><span class='ocrx_word' id='word_1_157' title='bbox 22 2368 103 2449; x_wconf 89' lang='lat' dir='ltr'>ipse</span> <span class='ocrx_word' id='word_1_158' title='bbox 122 2375 245 2442; x_wconf 87' lang='lat' dir='ltr'>certes;</span> <span class='ocrx_word' id='word_1_159' title='bbox 264 2386 307 2428; x_wconf 92' lang='lat' dir='ltr'>ne</span> <span class='ocrx_word' id='word_1_160' title='bbox 323 2366 403 2428; x_wconf 92' lang='lat' dir='ltr'>licet</span> <span class='ocrx_word' id='word_1_161' title='bbox 419 2366 554 2448; x_wconf 92' lang='lat' dir='ltr'>quidem</span> <span class='ocrx_word' id='word_1_162' title='bbox 571 2365 634 2428; x_wconf 93' lang='lat' dir='ltr'>tibi</span> <span class='ocrx_word' id='word_1_163' title='bbox 651 2365 715 2428; x_wconf 92' lang='lat' dir='ltr'>iam</span> <span class='ocrx_word' id='word_1_164' title='bbox 733 2365 838 2428; x_wconf 91' lang='lat' dir='ltr'>tantis</span> <span class='ocrx_word' id='word_1_165' title='bbox 856 2367 955 2428; x_wconf 91' lang='lat' dir='ltr'>rebus</span> <span class='ocrx_word' id='word_1_166' title='bbox 972 2367 1079 2448; x_wconf 89' lang='lat' dir='ltr'>gestis</span> 
     </span>
     <span class='ocr_line' id='line_1_22' title="bbox 21 2473 1111 2556; baseline 0 -18"><span class='ocrx_word' id='word_1_167' title='bbox 21 2495 99 2538; x_wconf 92' lang='lat' dir='ltr'>non</span> <span class='ocrx_word' id='word_1_168' title='bbox 118 2473 169 2536; x_wconf 88' lang='lat' dir='ltr'>tui</span> <span class='ocrx_word' id='word_1_169' title='bbox 186 2473 328 2537; x_wconf 92' lang='lat' dir='ltr'>similem</span> <span class='ocrx_word' id='word_1_170' title='bbox 346 2494 430 2538; x_wconf 88' lang='lat' dir='ltr'>esse.</span> <span class='ocrx_word' id='word_1_171' title='bbox 481 2475 580 2556; x_wconf 85' lang='lat' dir='ltr'>Quod</span> <span class='ocrx_word' id='word_1_172' title='bbox 597 2495 673 2538; x_wconf 93' lang='lat' dir='ltr'>cum</span> <span class='ocrx_word' id='word_1_173' title='bbox 698 2474 821 2548; x_wconf 88' lang='lat' dir='ltr'>ita.sit,</span> <span class='ocrx_word' id='word_1_174' title='bbox 841 2473 986 2538; x_wconf 89' lang='lat' dir='ltr'>hortatio</span> <span class='ocrx_word' id='word_1_175' title='bbox 1011 2496 1079 2538; x_wconf 93' lang='lat' dir='ltr'>non</span> <span class='ocrx_word' id='word_1_176' title='bbox 1097 2491 1111 2538; x_wconf 89' lang='lat'><em>7</em></span> 
     </span>
     <span class='ocr_line' id='line_1_23' title="bbox 21 2581 1125 2664; baseline -0.003 -18"><span class='ocrx_word' id='word_1_177' title='bbox 21 2593 79 2647; x_wconf 92' lang='lat' dir='ltr'>est</span> <span class='ocrx_word' id='word_1_178' title='bbox 100 2581 302 2656; x_wconf 91' lang='lat' dir='ltr'>necessaria,</span> <span class='ocrx_word' id='word_1_179' title='bbox 322 2581 546 2664; x_wconf 86' lang='lat' dir='ltr'>gratulatione</span> <span class='ocrx_word' id='word_1_180' title='bbox 563 2582 671 2664; x_wconf 90' lang='lat' dir='ltr'>magis</span> <span class='ocrx_word' id='word_1_181' title='bbox 691 2582 854 2644; x_wconf 91' lang='lat' dir='ltr'>utendum</span> <span class='ocrx_word' id='word_1_182' title='bbox 880 2591 931 2644; x_wconf 91' lang='lat' dir='ltr'>est</span> <span class='ocrx_word' id='word_1_183' title='bbox 943 2603 951 2658; x_wconf 92' lang='lat'>;</span> <span class='ocrx_word' id='word_1_184' title='bbox 976 2582 1078 2646; x_wconf 79' lang='lat' dir='ltr'>conti·</span> <span class='ocrx_word' id='word_1_185' title='bbox 1121 2603 1125 2612; x_wconf 71' lang='grc'><em>“</em></span> 
     </span>
     <span class='ocr_line' id='line_1_24' title="bbox 20 2674 1080 2775; baseline 0.001 -23"><span class='ocrx_word' id='word_1_186' title='bbox 20 2692 76 2775; x_wconf 90' lang='lat' dir='ltr'>git</span> <span class='ocrx_word' id='word_1_187' title='bbox 109 2689 201 2752; x_wconf 93' lang='lat' dir='ltr'>enim</span> <span class='ocrx_word' id='word_1_188' title='bbox 227 2690 298 2765; x_wconf 89' lang='lat' dir='ltr'>tibi,</span> <span class='ocrx_word' id='word_1_189' title='bbox 326 2691 414 2773; x_wconf 92' lang='lat' dir='ltr'>quod</span> <span class='ocrx_word' id='word_1_190' title='bbox 442 2690 531 2753; x_wconf 91' lang='lat' dir='ltr'>haud</span> <span class='ocrx_word' id='word_1_191' title='bbox 559 2674 629 2753; x_wconf 90' lang='lat' dir='ltr'>scio</span> <span class='ocrx_word' id='word_1_192' title='bbox 657 2689 861 2765; x_wconf 54' lang='lat' dir='ltr'>an‘nemini,</span> <span class='ocrx_word' id='word_1_193' title='bbox 888 2698 924 2751; x_wconf 89' lang='lat' dir='ltr'>ut</span> <span class='ocrx_word' id='word_1_194' title='bbox 950 2710 1080 2753; x_wconf 90' lang='lat' dir='ltr'>summa</span> 
     </span>
     <span class='ocr_line' id='line_1_25' title="bbox 7 2797 1079 2872; baseline -0.002 -9"><span class='ocrx_word' id='word_1_195' title='bbox 7 2798 194 2863; x_wconf 82' lang='lat' dir='ltr'>&#39;severitas</span> <span class='ocrx_word' id='word_1_196' title='bbox 211 2798 510 2861; x_wconf 90' lang='lat' dir='ltr'>animadversionis</span> <span class='ocrx_word' id='word_1_197' title='bbox 527 2818 595 2860; x_wconf 91' lang='lat' dir='ltr'>non</span> <span class='ocrx_word' id='word_1_198' title='bbox 612 2799 711 2860; x_wconf 92' lang='lat' dir='ltr'>modo</span> <span class='ocrx_word' id='word_1_199' title='bbox 736 2818 803 2859; x_wconf 93' lang='lat' dir='ltr'>non</span> <span class='ocrx_word' id='word_1_200' title='bbox 828 2797 1000 2872; x_wconf 87' lang='lat' dir='ltr'>invidiosa,</span> <span class='ocrx_word' id='word_1_201' title='bbox 1020 2800 1079 2861; x_wconf 93' lang='lat' dir='ltr'>sed</span> 
     </span>
     <span class='ocr_line' id='line_1_26' title="bbox 20 2905 1079 2988; baseline -0.002 -17"><span class='ocrx_word' id='word_1_202' title='bbox 20 2907 133 2971; x_wconf 91' lang='lat' dir='ltr'>etiam</span> <span class='ocrx_word' id='word_1_203' title='bbox 151 2907 320 2988; x_wconf 91' lang='lat' dir='ltr'>popularis</span> <span class='ocrx_word' id='word_1_204' title='bbox 338 2915 427 2969; x_wconf 89' lang='lat' dir='ltr'>esset</span> <span class='ocrx_word' id='word_1_205' title='bbox 440 2915 474 2968; x_wconf 89' lang='lat' dir='ltr'>et</span> <span class='ocrx_word' id='word_1_206' title='bbox 488 2926 563 2969; x_wconf 92' lang='lat' dir='ltr'>cum</span> <span class='ocrx_word' id='word_1_207' title='bbox 581 2905 678 2968; x_wconf 92' lang='lat' dir='ltr'>bonis</span> <span class='ocrx_word' id='word_1_208' title='bbox 696 2905 860 2980; x_wconf 92' lang='lat' dir='ltr'>omnibus,</span> <span class='ocrx_word' id='word_1_209' title='bbox 873 2914 945 2968; x_wconf 93' lang='lat' dir='ltr'>tum</span> <span class='ocrx_word' id='word_1_210' title='bbox 964 2906 1079 2969; x_wconf 89' lang='lat' dir='ltr'>infimo</span> 
     </span>
    </p>
   </div>
   <div class='ocr_carea' id='block_1_4' title="bbox 19 3047 532 3846">
    <p class='ocr_par' dir='ltr' id='par_1_4' title="bbox 19 3047 532 3846">
     <span class='ocr_line' id='line_1_27' title="bbox 62 3047 530 3113; baseline -0.002 -18"><span class='ocrx_word' id='word_1_211' title='bbox 62 3061 85 3113; x_wconf 82' lang='lat'>5.</span> <span class='ocrx_word' id='word_1_212' title='bbox 121 3047 301 3110; x_wconf 82' lang='lat' dir='ltr'>singularem</span> <span class='ocrx_word' id='word_1_213' title='bbox 339 3047 530 3111; x_wconf 83' lang='lat' dir='ltr'>probitatem:</span> 
     </span>
     <span class='ocr_line' id='line_1_28' title="bbox 21 3112 532 3177; baseline -0.01 -13"><span class='ocrx_word' id='word_1_214' title='bbox 21 3115 68 3172; x_wconf 63' lang='lat' dir='ltr'>cf„</span> <span class='ocrx_word' id='word_1_215' title='bbox 108 3112 238 3171; x_wconf 87' lang='lat' dir='ltr'>however,</span> <span class='ocrx_word' id='word_1_216' title='bbox 274 3115 337 3161; x_wconf 87' lang='lat' dir='ltr'>Intr.</span> <span class='ocrx_word' id='word_1_217' title='bbox 374 3128 418 3177; x_wconf 86' lang='lat'>23;</span> <span class='ocrx_word' id='word_1_218' title='bbox 459 3114 532 3161; x_wconf 87' lang='lat' dir='ltr'>cuius</span> 
     </span>
     <span class='ocr_line' id='line_1_29' title="bbox 22 3180 532 3244; baseline -0.008 -13"><span class='ocrx_word' id='word_1_219' title='bbox 22 3183 149 3237; x_wconf 87' lang='lat' dir='ltr'>salutem,</span> <span class='ocrx_word' id='word_1_220' title='bbox 183 3181 230 3244; x_wconf 88' lang='lat' dir='ltr'>Ep.</span> <span class='ocrx_word' id='word_1_221' title='bbox 261 3181 390 3229; x_wconf 91' lang='lat' dir='ltr'>XXXIV.</span> <span class='ocrx_word' id='word_1_222' title='bbox 421 3180 437 3228; x_wconf 90' lang='lat'>6</span> <span class='ocrx_word' id='word_1_223' title='bbox 465 3195 532 3227; x_wconf 89' lang='lat' dir='ltr'>n.-</span> 
     </span>
     <span class='ocr_line' id='line_1_30' title="bbox 21 3246 532 3310; baseline -0.01 -12"><span class='ocrx_word' id='word_1_224' title='bbox 21 3249 130 3298; x_wconf 90' lang='lat' dir='ltr'>locum</span> <span class='ocrx_word' id='word_1_225' title='bbox 143 3247 283 3310; x_wconf 83' lang='lat' dir='ltr'>augendi:</span> <span class='ocrx_word' id='word_1_226' title='bbox 298 3247 359 3294; x_wconf 86' lang='lat' dir='ltr'>with</span> <span class='ocrx_word' id='word_1_227' title='bbox 373 3247 424 3295; x_wconf 83' lang='lat' dir='ltr'>this</span> <span class='ocrx_word' id='word_1_228' title='bbox 435 3246 532 3294; x_wconf 88' lang='lat' dir='ltr'>intran-</span> 
     </span>
     <span class='ocr_line' id='line_1_31' title="bbox 21 3313 529 3376; baseline -0.014 -11"><span class='ocrx_word' id='word_1_229' title='bbox 21 3315 107 3365; x_wconf 88' lang='lat' dir='ltr'>sitive</span> <span class='ocrx_word' id='word_1_230' title='bbox 121 3329 167 3361; x_wconf 92' lang='lat' dir='ltr'>use</span> <span class='ocrx_word' id='word_1_231' title='bbox 180 3313 209 3360; x_wconf 89' lang='lat' dir='ltr'>oi</span> <span class='ocrx_word' id='word_1_232' title='bbox 221 3314 265 3361; x_wconf 89' lang='lat' dir='ltr'>the</span> <span class='ocrx_word' id='word_1_233' title='bbox 278 3313 384 3376; x_wconf 89' lang='lat' dir='ltr'>gerund,</span> <span class='ocrx_word' id='word_1_234' title='bbox 398 3313 430 3362; x_wconf 81' lang='lat' dir='ltr'>ci.</span> <span class='ocrx_word' id='word_1_235' title='bbox 441 3315 493 3360; x_wconf 79' lang='lat' dir='ltr'>An.</span> <span class='ocrx_word' id='word_1_236' title='bbox 507 3326 529 3372; x_wconf 89' lang='lat'>7.</span> 
     </span>
     <span class='ocr_line' id='line_1_32' title="bbox 23 3381 529 3442; baseline -0.006 -12"><span class='ocrx_word' id='word_1_237' title='bbox 23 3396 67 3430; x_wconf 89' lang='lat'>20.</span> <span class='ocrx_word' id='word_1_238' title='bbox 91 3393 105 3428; x_wconf 89' lang='lat'><strong>2</strong></span> <span class='ocrx_word' id='word_1_239' title='bbox 127 3382 261 3441; x_wconf 82' lang='lat' dir='ltr'>turpitudo</span> <span class='ocrx_word' id='word_1_240' title='bbox 280 3381 451 3442; x_wconf 81' lang='lat' dir='ltr'>coniungendi</span> <span class='ocrx_word' id='word_1_241' title='bbox 472 3395 529 3427; x_wconf 86' lang='lat' dir='ltr'>cum</span> 
     </span>
     <span class='ocr_line' id='line_1_33' title="bbox 21 3445 532 3512; baseline -0.004 -18"><span class='ocrx_word' id='word_1_242' title='bbox 21 3457 151 3512; x_wconf 68' lang='lat' dir='ltr'>tyrranus,</span> <span class='ocrx_word' id='word_1_243' title='bbox 164 3445 216 3494; x_wconf 90' lang='lat' dir='ltr'>and</span> <span class='ocrx_word' id='word_1_244' title='bbox 228 3461 271 3495; x_wconf 87' lang='lat' dir='ltr'>see</span> <span class='ocrx_word' id='word_1_245' title='bbox 288 3446 477 3495; x_wconf 83' lang='lat' dir='ltr'>Weissenborn</span> <span class='ocrx_word' id='word_1_246' title='bbox 490 3447 532 3492; x_wconf 87' lang='lat' dir='ltr'>De</span> 
     </span>
     <span class='ocr_line' id='line_1_34' title="bbox 25 3514 531 3575; baseline -0.006 -12"><span class='ocrx_word' id='word_1_247' title='bbox 25 3514 166 3564; x_wconf 85' lang='lat' dir='ltr'>Gerundio</span> <span class='ocrx_word' id='word_1_248' title='bbox 192 3520 217 3560; x_wconf 85' lang='lat' dir='ltr'>et</span> <span class='ocrx_word' id='word_1_249' title='bbox 250 3515 397 3561; x_wconf 84' lang='lat' dir='ltr'>Gerundiva</span> <span class='ocrx_word' id='word_1_250' title='bbox 425 3515 531 3575; x_wconf 82' lang='lat' dir='ltr'>linguae</span> 
     </span>
     <span class='ocr_line' id='line_1_35' title="bbox 21 3577 529 3644; baseline -0.006 -15"><span class='ocrx_word' id='word_1_251' title='bbox 21 3583 149 3637; x_wconf 84' lang='lat' dir='ltr'>Latinae,</span> <span class='ocrx_word' id='word_1_252' title='bbox 166 3595 190 3642; x_wconf 85' lang='lat' dir='ltr'>p.</span> <span class='ocrx_word' id='word_1_253' title='bbox 211 3579 275 3644; x_wconf 88' lang='lat'>138:</span> <span class='ocrx_word' id='word_1_254' title='bbox 294 3581 382 3628; x_wconf 84' lang='lat' dir='ltr'>neutri</span> <span class='ocrx_word' id='word_1_255' title='bbox 396 3577 529 3627; x_wconf 79' lang='lat' dir='ltr'>verborum</span> 
     </span>
     <span class='ocr_line' id='line_1_36' title="bbox 19 3648 531 3712; baseline -0.004 -16"><span class='ocrx_word' id='word_1_256' title='bbox 19 3648 119 3712; x_wconf 79' lang='lat' dir='ltr'>generi</span> <span class='ocrx_word' id='word_1_257' title='bbox 122 3648 253 3710; x_wconf 78' lang='lat' dir='ltr'>gerundia</span> <span class='ocrx_word' id='word_1_258' title='bbox 261 3663 312 3695; x_wconf 88' lang='lat' dir='ltr'>esse</span> <span class='ocrx_word' id='word_1_259' title='bbox 319 3648 490 3697; x_wconf 83' lang='lat' dir='ltr'>adscribenda.</span> <span class='ocrx_word' id='word_1_260' title='bbox 498 3675 531 3681; x_wconf 95' lang='lat'>—</span> 
     </span>
     <span class='ocr_line' id='line_1_37' title="bbox 23 3713 532 3775; baseline -0.008 -12"><span class='ocrx_word' id='word_1_261' title='bbox 23 3727 154 3763; x_wconf 86' lang='lat' dir='ltr'>amare.</span> <span class='ocrx_word' id='word_1_262' title='bbox 171 3749 178 3760; x_wconf 91' lang='lat'>.</span> <span class='ocrx_word' id='word_1_263' title='bbox 197 3750 203 3762; x_wconf 94' lang='lat'>.</span> <span class='ocrx_word' id='word_1_264' title='bbox 222 3713 376 3762; x_wconf 86' lang='lat' dir='ltr'>dilexisse:</span> <span class='ocrx_word' id='word_1_265' title='bbox 397 3713 430 3761; x_wconf 80' lang='lat' dir='ltr'>ci.</span> <span class='ocrx_word' id='word_1_266' title='bbox 445 3715 532 3775; x_wconf 78' lang='lat' dir='ltr'>diligit</span> 
     </span>
     <span class='ocr_line' id='line_1_38' title="bbox 26 3779 455 3846; baseline -0.002 -19"><span class='ocrx_word' id='word_1_267' title='bbox 26 3782 195 3837; x_wconf 86' lang='lat' dir='ltr'>...amauit,</span> <span class='ocrx_word' id='word_1_268' title='bbox 209 3781 256 3842; x_wconf 84' lang='lat' dir='ltr'>Ep.</span> <span class='ocrx_word' id='word_1_269' title='bbox 271 3779 389 3828; x_wconf 89' lang='lat' dir='ltr'>XXXII.</span> <span class='ocrx_word' id='word_1_270' title='bbox 405 3794 455 3846; x_wconf 81' lang='lat'><strong>5¹¹·</strong></span> 
     </span>
    </p>
   </div>
   <div class='ocr_carea' id='block_1_5' title="bbox 581 3046 1080 3842">
    <p class='ocr_par' dir='ltr' id='par_1_5' title="bbox 581 3046 1080 3842">
     <span class='ocr_line' id='line_1_39' title="bbox 615 3046 1080 3107; baseline 0.004 -13"><span class='ocrx_word' id='word_1_271' title='bbox 615 3059 638 3107; x_wconf 89' lang='lat'>7.</span> <span class='ocrx_word' id='word_1_272' title='bbox 659 3060 774 3095; x_wconf 86' lang='lat' dir='ltr'>summa</span> <span class='ocrx_word' id='word_1_273' title='bbox 789 3046 930 3094; x_wconf 85' lang='lat' dir='ltr'>severitas</span> <span class='ocrx_word' id='word_1_274' title='bbox 948 3047 1080 3096; x_wconf 83' lang='lat' dir='ltr'>animad-</span> 
     </span>
     <span class='ocr_line' id='line_1_40' title="bbox 582 3112 1080 3177; baseline 0.002 -17"><span class='ocrx_word' id='word_1_275' title='bbox 582 3113 744 3161; x_wconf 89' lang='lat' dir='ltr'>versionis:</span> <span class='ocrx_word' id='word_1_276' title='bbox 763 3112 795 3160; x_wconf 81' lang='lat' dir='ltr'>cf.</span> <span class='ocrx_word' id='word_1_277' title='bbox 809 3113 863 3161; x_wconf 91' lang='lat' dir='ltr'>Cic.</span> <span class='ocrx_word' id='word_1_278' title='bbox 876 3113 946 3160; x_wconf 83' lang='lat' dir='ltr'>Plzil.</span> <span class='ocrx_word' id='word_1_279' title='bbox 962 3126 982 3159; x_wconf 92' lang='lat'>1.</span> <span class='ocrx_word' id='word_1_280' title='bbox 994 3125 1007 3177; x_wconf 83' lang='lat'><strong>5</strong></span> <span class='ocrx_word' id='word_1_281' title='bbox 1020 3116 1080 3162; x_wconf 77' lang='lat' dir='ltr'>tali&#39;s</span> 
     </span>
     <span class='ocr_line' id='line_1_41' title="bbox 582 3180 1076 3243; baseline 0.004 -17"><span class='ocrx_word' id='word_1_282' title='bbox 582 3181 772 3226; x_wconf 82' lang='lat' dir='ltr'>animadversio</span> <span class='ocrx_word' id='word_1_283' title='bbox 781 3180 841 3243; x_wconf 80' lang='lat' dir='ltr'>fnit</span> <span class='ocrx_word' id='word_1_284' title='bbox 854 3180 1008 3237; x_wconf 85' lang='lat' dir='ltr'>Dolabellae,</span> <span class='ocrx_word' id='word_1_285' title='bbox 1021 3197 1076 3228; x_wconf 84' lang='lat' dir='ltr'>cum</span> 
     </span>
     <span class='ocr_line' id='line_1_42' title="bbox 582 3247 1077 3308; baseline 0.004 -16"><span class='ocrx_word' id='word_1_286' title='bbox 582 3247 611 3293; x_wconf 86' lang='lat' dir='ltr'>in</span> <span class='ocrx_word' id='word_1_287' title='bbox 620 3247 728 3294; x_wconf 86' lang='lat' dir='ltr'>audaces</span> <span class='ocrx_word' id='word_1_288' title='bbox 737 3247 916 3308; x_wconf 82' lang='lat' dir='ltr'>sceleratasque</span> <span class='ocrx_word' id='word_1_289' title='bbox 924 3261 1015 3303; x_wconf 84' lang='lat' dir='ltr'>servos,</span> <span class='ocrx_word' id='word_1_290' title='bbox 1023 3253 1077 3294; x_wconf 85' lang='lat' dir='ltr'>tum</span> 
     </span>
     <span class='ocr_line' id='line_1_43' title="bbox 582 3312 1078 3375; baseline 0.002 -16"><span class='ocrx_word' id='word_1_291' title='bbox 582 3315 610 3359; x_wconf 89' lang='lat' dir='ltr'>iu</span> <span class='ocrx_word' id='word_1_292' title='bbox 646 3315 761 3374; x_wconf 82' lang='lat' dir='ltr'>impuros</span> <span class='ocrx_word' id='word_1_293' title='bbox 792 3320 817 3362; x_wconf 84' lang='lat' dir='ltr'>et</span> <span class='ocrx_word' id='word_1_294' title='bbox 847 3313 959 3375; x_wconf 83' lang='lat' dir='ltr'>nefarias</span> <span class='ocrx_word' id='word_1_295' title='bbox 982 3312 1078 3370; x_wconf 85' lang='lat' dir='ltr'>liberos,</span> 
     </span>
     <span class='ocr_line' id='line_1_44' title="bbox 581 3380 1080 3443; baseline 0.002 -17"><span class='ocrx_word' id='word_1_296' title='bbox 581 3380 691 3443; x_wconf 85' lang='lat' dir='ltr'>talisque</span> <span class='ocrx_word' id='word_1_297' title='bbox 721 3381 816 3427; x_wconf 80' lang='lat' dir='ltr'>eversio</span> <span class='ocrx_word' id='word_1_298' title='bbox 841 3381 914 3426; x_wconf 86' lang='lat' dir='ltr'>illius</span> <span class='ocrx_word' id='word_1_299' title='bbox 937 3386 1080 3427; x_wconf 77' lang='lat' dir='ltr'>exsecralae</span> 
     </span>
     <span class='ocr_line' id='line_1_45' title="bbox 581 3447 1080 3494; baseline -0.002 -1"><span class='ocrx_word' id='word_1_300' title='bbox 581 3447 714 3494; x_wconf 82' lang='lat' dir='ltr'>columnae</span> <span class='ocrx_word' id='word_1_301' title='bbox 725 3453 755 3493; x_wconf 86' lang='lat' dir='ltr'>ut</span> <span class='ocrx_word' id='word_1_302' title='bbox 769 3447 837 3494; x_wconf 81' lang='lat' dir='ltr'>mili</span> <span class='ocrx_word' id='word_1_303' title='bbox 851 3448 947 3492; x_wconf 84' lang='lat' dir='ltr'>mirum</span> <span class='ocrx_word' id='word_1_304' title='bbox 960 3447 1080 3493; x_wconf 73' lang='lat' dir='ltr'>videatur</span> 
     </span>
     <span class='ocr_line' id='line_1_46' title="bbox 581 3513 1079 3577; baseline -0.002 -17"><span class='ocrx_word' id='word_1_305' title='bbox 581 3519 633 3560; x_wconf 72' lang='lat' dir='ltr'>mm</span> <span class='ocrx_word' id='word_1_306' title='bbox 647 3514 721 3560; x_wconf 83' lang='lat' dir='ltr'>valde</span> <span class='ocrx_word' id='word_1_307' title='bbox 733 3515 859 3577; x_wconf 86' lang='lat' dir='ltr'>reliquum</span> <span class='ocrx_word' id='word_1_308' title='bbox 879 3519 978 3574; x_wconf 82' lang='lat' dir='ltr'>tempus</span> <span class='ocrx_word' id='word_1_309' title='bbox 991 3513 1079 3560; x_wconf 82' lang='lat' dir='ltr'>abillo</span> 
     </span>
     <span class='ocr_line' id='line_1_47' title="bbox 581 3578 1078 3628; baseline -0.002 -2"><span class='ocrx_word' id='word_1_310' title='bbox 581 3595 633 3627; x_wconf 85' lang='lat' dir='ltr'>uno</span> <span class='ocrx_word' id='word_1_311' title='bbox 643 3581 685 3626; x_wconf 88' lang='lat' dir='ltr'>die</span> <span class='ocrx_word' id='word_1_312' title='bbox 693 3581 844 3628; x_wconf 81' lang='lat' dir='ltr'>dissensisse.</span> <span class='ocrx_word' id='word_1_313' title='bbox 865 3579 906 3627; x_wconf 83' lang='lat' dir='ltr'>Cf.</span> <span class='ocrx_word' id='word_1_314' title='bbox 917 3580 974 3628; x_wconf 86' lang='lat' dir='ltr'>also</span> <span class='ocrx_word' id='word_1_315' title='bbox 983 3578 1078 3626; x_wconf 90' lang='lat' dir='ltr'>introd.</span> 
     </span>
     <span class='ocr_line' id='line_1_48' title="bbox 581 3646 1079 3709; baseline 0.002 -16"><span class='ocrx_word' id='word_1_316' title='bbox 581 3653 652 3693; x_wconf 91' lang='lat' dir='ltr'>note.</span> <span class='ocrx_word' id='word_1_317' title='bbox 664 3674 698 3682; x_wconf 92' lang='lat'>—</span> <span class='ocrx_word' id='word_1_318' title='bbox 710 3647 809 3695; x_wconf 84' lang='lat' dir='ltr'>infimo</span> <span class='ocrx_word' id='word_1_319' title='bbox 839 3647 942 3709; x_wconf 87' lang='lat' dir='ltr'>cuique</span> <span class='ocrx_word' id='word_1_320' title='bbox 972 3646 1079 3709; x_wconf 80' lang='lat' dir='ltr'>gratis-</span> 
     </span>
     <span class='ocr_line' id='line_1_49' title="bbox 582 3712 1080 3772; baseline -0.002 -12"><span class='ocrx_word' id='word_1_321' title='bbox 582 3712 675 3760; x_wconf 83' lang='lat' dir='ltr'>sima:</span> <span class='ocrx_word' id='word_1_322' title='bbox 705 3713 737 3761; x_wconf 82' lang='lat' dir='ltr'>cf.</span> <span class='ocrx_word' id='word_1_323' title='bbox 762 3715 815 3760; x_wconf 83' lang='lat' dir='ltr'>An.</span> <span class='ocrx_word' id='word_1_324' title='bbox 843 3727 880 3772; x_wconf 80' lang='lat'>14.</span> <span class='ocrx_word' id='word_1_325' title='bbox 907 3713 943 3761; x_wconf 90' lang='lat'>16.</span> <span class='ocrx_word' id='word_1_326' title='bbox 972 3727 985 3760; x_wconf 89' lang='lat'>2</span> <span class='ocrx_word' id='word_1_327' title='bbox 1012 3713 1080 3760; x_wconf 84' lang='lat' dir='ltr'>mihi</span> 
     </span>
     <span class='ocr_line' id='line_1_50' title="bbox 581 3780 1077 3842; baseline 0.004 -16"><span class='ocrx_word' id='word_1_328' title='bbox 581 3781 683 3842; x_wconf 83' lang='lat' dir='ltr'>quidem</span> <span class='ocrx_word' id='word_1_329' title='bbox 697 3780 798 3827; x_wconf 80' lang='lat' dir='ltr'>videtur</span> <span class='ocrx_word' id='word_1_330' title='bbox 813 3781 913 3842; x_wconf 67' lang='lat' dir='ltr'>Brutus</span> <span class='ocrx_word' id='word_1_331' title='bbox 931 3786 1013 3828; x_wconf 84' lang='lat' dir='ltr'>noster</span> <span class='ocrx_word' id='word_1_332' title='bbox 1024 3781 1077 3828; x_wconf 79' lang='lat' dir='ltr'>tam</span> 
     </span>
    </p>
   </div>
   <div class='ocr_carea' id='block_1_6' title="bbox 0 0 1292 4200">
    <p class='ocr_par' dir='ltr' id='par_1_6' title="bbox 0 0 1292 4200">
     <span class='ocr_line' id='line_1_51' title="bbox 0 0 1292 4200; baseline 0 0"><span class='ocrx_word' id='word_1_333' title='bbox 0 0 1292 4200; x_wconf 95' lang='lat' dir='ltr'> </span> 
     </span>
    </p>
   </div>
  </div>
 </body>
</html>
