2575 4200
55 312 121 361 ἢκ.
136 328 171 378 13.
188 311 222 378 1.]
394 310 561 366 cicnno’s
587 311 761 366 currens.
1051 307 1099 368 119

56 492 160 545 tamen
186 482 293 545 multo
318 484 428 546 minus
453 484 514 547 tibi
537 485 677 548 concedi
700 495 812 566 potest
829 506 928 568 quam
946 485 993 547 illi
1009 484 1096 549 labo·

56 610 122 652 rare
138 591 210 654 sine
233 613 343 655 causa.
394 592 605 674 Quamquam
628 594 780 656 Patronis
803 603 836 657 et
854 594 1038 656 orationem
1062 605 1095 658 et
1137 595 1141 600 ’

57 719 182 762 causam
209 701 272 762 tibi
300 701 470 782 cognitam
500 721 575 763 esse
600 711 692 764 certo
718 703 807 766 scio:
839 703 999 766 honorem
1028 702 1096 765 offi-

57 807 147 883 cium,
165 818 444 872 testamentorum
462 809 524 885 iuS,
540 809 677 891 Epicuri
694 811 939 886 auctoritatem,
956 812 1095 874 Phaedri

57 916 320 993 obtestationem,
348 918 460 980 sedern
487 903 691 981 domicilium
720 919 865 1001 vestigia
889 940 1094 982 summorum

57 1023 220 1088 hominum
244 1025 308 1088 sibi
326 1027 451 1089 tuenda
467 1047 542 1089 esse
559 1026 649 1090 dicit.
693 1027 813 1090 Totam
831 1028 975 1090 hominis
993 1029 1093 1090 vitam

58 1132 279 1215 rationemque
299 1155 397 1216 quam
421 1135 572 1217 sequitur
594 1135 628 1197 in
651 1135 862 1217 philosophia
883 1136 1094 1200 derideamus

58 1238 138 1314 licet,
168 1242 196 1303 si
227 1242 314 1304 hanc
348 1241 420 1305 eius
453 1243 705 1306 contentionem
733 1243 887 1306 volumus
920 1245 1095 1325 reprehen-

59 1347 149 1425 dere3
180 1350 238 1411 sed
271 1350 490 1426 mehercules
522 1352 677 1432 quoniam
711 1351 758 1413 illi
790 1351 978 1434 ceterisque
1010 1371 1094 1434 quos

60 1454 109 1516 illa
123 1457 289 1520 delectant
307 1478 374 1520 non
391 1458 487 1521 valde
508 1459 632 1522 inimici
655 1480 778 1535 sumus,
798 1460 911 1523 nescio
936 1481 978 1522 an
1005 1461 1095 1543 igno-

61 1565 209 1627 scendum
235 1567 278 1628 sit
303 1567 390 1641 huic,
409 1566 437 1629 si
461 1576 636 1649 tantopere
660 1566 804 1644 laborat;
830 1568 862 1630 in
880 1589 946 1650 quo
963 1569 1094 1632 etiamsi

61 1682 176 1749 peccat,
194 1674 301 1757 magis
328 1674 464 1756 ineptiis
489 1696 588 1756 quam
612 1675 827 1757 improbitate
850 1685 975 1757 peccat.
1027 1677 1094 1740 Sed
1115 1697 1128 1750 5

62 1799 99 1840 ne
110 1781 252 1860 plura—
262 1784 441 1846 dicendum
455 1783 543 1846 enim
557 1784 734 1866 aliquando
749 1794 800 1847 est
808 1822 861 1859 -,
877 1785 1093 1866 Pomponium

64 1885 202 1952 Atticum
231 1890 280 1954 sic
309 1911 384 1953 amo
409 1901 445 1954 ut
470 1891 612 1954 alterum
641 1893 790 1956 fratrem.
842 1893 935 1955 Nihil
960 1904 1011 1956 est
1038 1893 1104 1956 illo,

63 1994 134 2057 mihi
147 2018 206 2061 nec
218 1999 327 2062 carius
342 2019 404 2062 nec
418 1999 603 2062 iucundius.
657 2000 690 2062 Is
705 2004 783 2084 (non
803 2021 868 2082 quo
886 2001 929 2062 sit
947 2021 987 2063 ex
1004 2001 1094 2077 istis;

63 2113 108 2165 est
123 2107 206 2169 enirn
229 2108 322 2170 omni
343 2108 472 2171 liberali
497 2110 650 2171 doctrina
674 2110 903 2191 politissimus
923 2110 980 2172 sed
999 2110 1110 2175 valde.

63 2212 158 2307 diligit
176 2217 363 2293 Patronem,
382 2219 477 2281 valde
496 2218 681 2282 Phaedrum
705 2219 840 2299 amavit)
859 2219 907 2281 sic
924 2240 943 2281 a
960 2239 1012 2281 me
1030 2219 1093 2282 hoc

64 2326 231 2399 contendit,
251 2326 351 2389 homo
369 2326 506 2389 minime
522 2327 728 2401 ambitiosus,
744 2326 882 2389 minime
899 2327 931 2387 in
946 2329 1093 2409 rogando

64 2430 218 2507 molestus,
238 2444 274 2496 ut
293 2435 375 2496 nihil
393 2455 549 2517 umquam
569 2436 685 2517 magle,
705 2456 767 2497 nec
784 2436 914 2498 dubitat
932 2435 1012 2517 quin
1030 2456 1093 2517 ego

63 2549 125 2602 ate
150 2552 232 2606 nutu
258 2544 322 2606 hoc
349 2544 508 2625 consequi
534 2564 677 2622 possem,
704 2543 834 2605 etiamsi
859 2543 1093 2607 aedificaturus

63 2664 152 2713 esses.
200 2652 302 2714 Nunc
324 2671 403 2713 vero
429 2651 456 2713 si
482 2651 623 2713 audierit
645 2661 681 2713 te
705 2651 969 2725 aedificationem
995 2652 1093 2734 depo-

63 2755 157 2820 suisse
172 2779 281 2842 neque
303 2769 416 2821 tamen
438 2780 492 2821 me
512 2780 531 2821 a
549 2769 584 2821 te
607 2759 813 2841 impetrasse,
835 2780 902 2821 non
925 2769 959 2821 te
982 2760 1016 2822 in
1040 2781 1092 2822 me

63 2858 261 2943 inliberalem,
277 2868 338 2931 sed
354 2888 408 2931 me
425 2868 459 2929 in
476 2888 513 2930 se
529 2867 767 2949 neglegentem
785 2868 927 2949 putabit.
969 2867 1092 2950 Quam-

63 2970 161 3036 obrem
186 2986 264 3058 peto
291 2997 311 3038 a
334 2986 369 3038 te
395 2986 430 3038 ut
456 2976 582 3039 scribas
607 2978 648 3038 ad
673 2985 749 3038 tuos
774 2996 874 3057 posse
896 2986 954 3039 tua
978 2975 1092 3039 volun-

63 3085 121 3142 tate
135 3083 302 3148 decretum
317 3084 398 3147 illud
415 3084 705 3166 Areopagitarum,
725 3105 823 3165 quem
846 3084 1091 3161 ὑπομνηματισ-

63 3222 225 3274 -honorem
243 3225 389 3274 officium:
412 3226 452 3275 his
470 3242 543 3289 repn-
593 3240 647 3275 nec
669 3262 675 3274 .
698 3262 704 3274 .
727 3261 734 3274 .
755 3239 809 3274 nec
829 3226 965 3274 introduce
986 3224 1091 3274 distinct

64 3288 132 3336 tation
149 3291 198 3339 and
215 3292 256 3340 his
274 3292 339 3356 duty
355 3308 384 3340 as
407 3293 495 3341 leader
513 3292 543 3340 of
592 3294 688 3356 phases
698 3293 726 3341 of
738 3294 782 3341 the
795 3294 898 3354 general
909 3291 1028 3354 thought,
1039 3290 1091 3339 and

63 3351 99 3400 the
106 3356 242 3418 Epicurean
251 3366 542 3408 sect—testamento·
592 3375 623 3407 so
636 3358 670 3407 do
684 3368 729 3407 not
743 3360 847 3423 destroy
860 3360 904 3407 the
919 3359 1049 3421 negation.
1058 3386 1090 3393 —

64 3431 115 3468 rum
123 3424 174 3472 ius:
183 3426 310 3487 Epicurus
318 3426 370 3473 had
377 3425 542 3489 bequeathed
592 3441 651 3475 non
664 3441 721 3489 quo
734 3426 772 3474 sit
784 3440 819 3474 ex
832 3425 907 3473 istis:
926 3425 1029 3473 Atticus
1038 3440 1090 3472 was

63 3482 96 3533 his
105 3490 194 3549 garden
206 3490 259 3539 and
271 3491 354 3539 house
369 3501 397 3540 to
415 3493 455 3540 his
468 3493 541 3541 disci·
593 3508 626 3540 an
639 3494 791 3555 Epicurean.
800 3492 935 3555 -diligit
948 3526 954 3539 .
969 3526 975 3538 .
990 3526 996 3538 .
1009 3505 1090 3539 ama-

63 3551 283 3609 res—Phaedri
304 3560 540 3608 obtestationem:
591 3560 644 3607 vit:
662 3559 1088 3622 TyrrellcitesCic.Ep.adBrut.

65 3617 179 3672 Phaedrus
199 3624 252 3671 had
272 3625 398 3689 probably
419 3625 541 3689 enjoined
596 3640 647 3673 1.1.
661 3640 669 3672 1
691 3627 793 3674 Clodius
809 3626 864 3673 trib.
870 3626 935 3687 pleb.
945 3626 1090 3688 designatus

65 3698 122 3744 upon
138 3688 175 3737 his
192 3706 327 3739 successor
345 3693 423 3740 Patro
438 3693 483 3741 the
500 3708 542 3740 ne·
592 3694 666 3741 valde
677 3709 716 3740 me
728 3693 820 3755 diligit,
833 3694 874 3739 vel
884 3698 914 3738 ut
925 3692 1090 3750 ἐμφατικώτε·

65 3753 143 3818 cessity
155 3756 182 3803 ol
193 3758 342 3821 recovering
354 3759 399 3807 the
411 3767 540 3825 property.
591 3777 634 3819 ρον
654 3761 744 3813 dicam,
762 3760 835 3805 valde
853 3774 892 3806 me
909 3764 986 3805 amat.
996 3758 1090 3805 -de-

94 3822 202 3885 5-nih11:
223 3824 256 3873 cf.
275 3826 322 3889 Ep.
341 3826 428 3874 XXV.
446 3840 498 3887 4n.
509 3855 541 3862 -
592 3833 704 3875 cretum
721 3825 805 3874 illud:
828 3824 871 3871 the
884 3823 952 3887 right
964 3823 994 3871 of
1009 3825 1090 3874 Mem-
