2575 4200
538 241 707 290 clcsno’s
732 240 905 290 narrans.
1079 239 1144 304 [up.
1159 239 1229 288 xcn

496 423 609 490 xc11.
663 425 766 512 (Fam.
798 443 845 489 11.
874 427 940 508 28.)

525 600 667 650 MATIVS
686 600 869 649 CICERONI
888 599 915 649 S.

161 757 175 798 r
240 732 400 818 Magnam
418 734 624 818 voluptatem
641 755 683 798 ex
704 735 772 798 tuis
793 734 914 798 litteris
931 734 1015 815 cepi,
1035 734 1237 816 quodquam
1260 707 1261 716 ἵ

193 861 362 924 speraram
386 851 488 925 atque
512 853 663 924 optaram
690 842 812 906 habere
836 852 871 904 te
895 843 936 904 de
961 862 1015 904 me
1048 841 1238 923 opinionem
1260 817 1261 876 l

193 950 345 1032 cognovi.
395 951 449 1014 De
479 971 546 1032 qua
574 951 638 1014 etsi
671 971 738 1014 non
771 950 974 1024 dubitabam,
1010 960 1136 1024 tamen,
1169 948 1261 1030 quial

193 1057 329 1121 maximi
350 1058 578 1134 aestimabam,
598 1068 634 1122 ut
656 1059 848 1140 incorrupta
867 1066 1018 1121 maneret
1038 1056 1236 1121 laborabam.

195 1165 359 1229 Conscius
390 1175 503 1229 autern
535 1167 618 1228 mihi
650 1186 739 1229 eram
772 1166 855 1228 nihil
886 1186 906 1228 a
938 1185 992 1228 me
1025 1165 1237 1229 commissum

193 1275 381 1356 essequod
413 1275 493 1337 boni
526 1275 723 1356 cuiusquam
755 1274 943 1338 offenderet
969 1274 1127 1336 animum.
1193 1273 1238 1332 Eo

194 1382 305 1445 minus
325 1383 500 1446 credebam
524 1382 675 1465 plurimis
694 1392 796 1465 atque
816 1382 950 1464 optimis
973 1382 1101 1444 artibus
1122 1390 1236 1443 ornato

193 1490 254 1552 tibi
279 1501 405 1552 temere
429 1491 607 1572 quicquam
635 1491 829 1572 persuaderi
855 1491 1015 1571 potuisse,
1042 1471 1237 1570 praesertim

193 1598 229 1660 in
245 1618 344 1680 quem
364 1619 438 1661 mea
460 1619 626 1680 propensa
649 1608 682 1662 et
703 1607 865 1681 perpetua
886 1598 1008 1660 fuisset
1028 1607 1129 1679 atque
1150 1605 1235 1658 esset

194 1706 436 1769 benevolentia.
502 1707 601 1790 Quod
641 1707 799 1789 quoniam
835 1716 871 1768 ut
912 1705 1001 1769 volui
1042 1705 1111 1769 scio
1154 1723 1235 1776 esse,

193 1816 404 1895 respondebo
427 1815 623 1878 criminibus
643 1815 765 1897 quibus
790 1824 826 1877 tu
848 1834 907 1896 pro
932 1833 995 1889 me,
1022 1823 1060 1877 ut
1084 1834 1144 1895 par
1169 1821 1235 1874 erat
1260 1823 1261 1842 *

164 1908 172 1931 '
194 1932 252 1985 tua
283 1923 441 2003 singulari
470 1923 621 1985 bonitate
647 1933 680 1986 et
705 1923 851 1986 amicitia
875 1931 1000 1997 nostra,
1020 1943 1121 2004 saepe
1145 1919 1235 1984 resti·

161 2031 275 2093 stisti.
327 2031 418 2093 Nota
437 2032 524 2093 enim
545 2031 626 2093 mihi
650 2040 728 2094 sunt
751 2051 836 2113 quae
859 2031 891 2093 in
913 2051 966 2092 me
985 2040 1062 2112 post
1086 2027 1235 2093 Caesaris

192 2148 335 2201 mortem
368 2140 587 2203 contulerint:
627 2140 707 2202 vitio
744 2140 825 2202 mihi
856 2140 937 2202 dant
969 2140 1060 2221 quod
1095 2148 1233 2202 mortem

192 2248 336 2310 hominis
348 2248 526 2310 necessarii
548 2249 695 2329 graviter
714 2248 904 2329 seruatque
924 2266 1000 2323 eum
1022 2267 1121 2331 quem
1139 2243 1234 2309 dilexi

118 2360 121 2371 “
193 2357 320 2438 perisse
344 2356 523 2437 indign0r;
550 2357 644 2419 aiunt
674 2356 762 2419 enim
787 2356 928 2437 patriam
954 2354 1122 2418 amicitiae
1148 2372 1232 2436 prae-

193 2465 381 2545 ponendam
402 2484 484 2538 esse,
504 2465 642 2545 proinde
665 2484 703 2527 ac
726 2464 754 2525 si
777 2464 840 2526 iam
857 2462 999 2526 vicerint
1020 2463 1150 2526 obitum
1167 2462 1232 2525 eius

227 2604 315 2652 XCII.
353 2605 444 2660 Rome,
464 2606 532 2666 Aug.
552 2616 640 2667 23—30,
655 2617 688 2662 44
739 2604 815 2652 letter
835 2603 867 2651 cf.
896 2603 1016 2652 Schmalz
1034 2603 1060 2651 in
1085 2604 1233 2652 Commenta·

194 2682 244 2718 B.c.
280 2671 312 2717 In
342 2670 386 2718 the
415 2669 638 2732 correspondence
662 2669 691 2717 of
741 2672 820 2717 tiones
844 2670 1030 2732 Wlfflinianae
1052 2670 1134 2731 (Lips.
1156 2666 1231 2731 189¹l=
1260 2680 1261 2697 ³

194 2736 288 2785 Cicero
304 2737 415 2799 perhaps
434 2736 504 2784 there
522 2737 544 2784 is
561 2751 597 2784 no
615 2737 692 2784 letter
743 2737 791 2799 269
803 2735 830 2783 ff.

193 2803 294 2851 written
311 2818 383 2851 more
401 2803 525 2866 strongly,
542 2818 613 2850 more
631 2803 691 2850 skil-
779 2817 798 2849 ι,
818 2816 965 2865 speraram
984 2810 1071 2865 atque
1089 2810 1230 2865 optaram:

192 2868 258 2933 fully
269 2869 442 2922 constructed,
453 2869 504 2917 and
517 2869 600 2917 better
609 2870 691 2917 calcu-
742 2869 775 2916 cf.
789 2870 853 2917 Intr.
866 2868 905 2916 82.
914 2869 1022 2931 -quia
1032 2870 1231 2917 aestimabam:
1260 2870 1261 2923 j

193 2934 264 2984 lated
288 2944 316 2983 to
339 2936 496 2998 accomplish
520 2936 554 2984 its
577 2952 691 2999 purpose
742 2936 810 2999 quia
832 2935 875 2983 for
897 2937 966 2998 quod
987 2935 1054 2983 after
1071 2934 1229 2985 laborabam
1260 2924 1261 3003 l

193 3002 256 3050 than
270 3003 384 3050 Cicero's
397 3004 472 3050 letter
484 3010 512 3050 t0
527 3004 632 3051 Matius.
667 3003 690 3050 It
742 3003 763 3050 is
793 3001 918 3066 probably
944 3002 1098 3065 colloquial;
1128 3002 1161 3050 cf.
1191 3001 1230 3060 Ep-

192 3068 215 3117 is
238 3084 254 3117 a
276 3069 347 3115 work
371 3068 400 3115 of
422 3069 558 3117 art—but
582 3070 609 3117 in
633 3069 691 3117 that
743 3069 884 3117 LXXVII.
911 3083 923 3115 2
948 3083 1077 3131 n.-par
1093 3103 1100 3117 .
1115 3066 1231 3119 ,.boni·

193 3151 254 3200 very
262 3136 316 3183 fact
328 3135 375 3183 lies
387 3136 420 3182 its
433 3134 526 3190 defect,
535 3135 587 3184 and
596 3137 622 3183 in
632 3136 690 3183 that
742 3144 812 3184 tate:
828 3143 888 3197 par,
898 3135 950 3186 like
959 3151 1062 3198 aequus,
1072 3150 1185 3197 governs
1193 3134 1229 3181 the

193 3210 293 3265 respect
316 3202 336 3249 it
359 3202 381 3249 is
403 3202 429 3249 in
454 3210 570 3250 contrast
593 3203 690 3251 t0⁴the
742 3202 792 3250 abl.
828 3202 1009 3265 occasionally,
1039 3202 1180 3267 especially
1209 3199 1229 3246 in

193 3270 264 3332 reply
273 3268 302 3315 of
312 3268 415 3316 Matius.
439 3268 497 3316 The
506 3270 583 3317 latter
591 3270 690 3317 reveals
742 3269 812 3333 early
825 3268 908 3316 Latin.
945 3268 986 3316 Cf.
1007 3267 1089 3315 Plaut.
1104 3270 1179 3316 Pers.
1190 3266 1230 3329 834
1260 3318 1261 3327 y

193 3335 250 3383 that
263 3335 340 3397 ‘fides
357 3338 386 3382 in
403 3336 534 3391 amicitia,'
546 3335 629 3383 which
645 3336 690 3384 the
741 3342 766 3382 et
776 3351 814 3382 me
823 3336 897 3381 haud
902 3343 956 3395 pur
967 3342 1009 3381 est.
1046 3335 1152 3383 Bockel.
1260 3334 1261 3393 f

192 3415 268 3450 name
285 3401 315 3448 of
335 3402 432 3449 Matius
450 3402 544 3465 always
562 3410 690 3465 suggests,
777 3416 798 3448 2.
817 3409 911 3449 nota.
937 3438 943 3448 .
966 3436 972 3448 .
992 3407 1060 3450 sunt
1084 3416 1160 3463 quae
1180 3437 1186 3449 .
1203 3432 1228 3446 .-
1260 3450 1261 3459 ,

192 3467 268 3515 while
290 3467 335 3515 the
358 3468 480 3531 sincerity
502 3468 531 3514 of
553 3468 594 3515 his
614 3476 691 3517 state·
741 3468 932 3517 contulerint:
950 3466 993 3514 for
1006 3467 1051 3515 the
1064 3468 1192 3516 reference
1204 3464 1228 3513 cl.
1260 3476 1261 3537 y

192 3541 276 3583 ments
300 3533 352 3582 and
376 3534 420 3582 the
444 3534 581 3598 simplicity
598 3535 627 3582 of
650 3535 690 3583 his
743 3535 1227 3597 Ep.XCI.7comrade—patriam
1260 3538 1261 3611 y

192 3600 258 3662 style
277 3600 353 3648 make
367 3600 418 3648 this
437 3616 488 3647 one
511 3600 539 3647 of
558 3602 603 3648 the
621 3609 690 3649 most
743 3602 1038 3664 ...praeponendam
1052 3602 1179 3649 esse:cf.
1191 3601 1227 3660 Ep.
1260 3612 1261 3667 y

151 3712 153 3715 ,
192 3666 334 3714 admirable
358 3666 387 3713 of
407 3667 451 3714 the
472 3668 690 3714 non-Ciceronian
743 3667 1122 3729 XCI.8.-proindeac:cf.
1133 3666 1229 3727 perinde
1260 3670 1261 3685 ³

192 3731 289 3779 letters.
336 3733 416 3793 Upon
441 3733 538 3780 Matius
561 3732 614 3779 and
638 3733 690 3780 this
741 3739 777 3788 ut,
794 3734 840 3796 Ep.
861 3733 974 3781 LXVII.
994 3746 1005 3780 1
1026 3734 1226 3782 n.—vicerint:
