2575 4200
370 266 538 315 CICERO'S

14 222 71 317 itt.
92 280 117 315 1.
135 264 190 331 17.]

564 266 738 316 LETTERS.
1051 263 1083 315 33

13 436 121 510 :ium,
143 435 236 517 quod
259 434 431 517 aliquanto
456 434 558 496 etiam
583 432 684 497 latius
709 443 801 515 patet
824 454 924 516 quam
939 434 1081 510 videtur,
1143 450 1147 455 ’

13 542 203 625 praesenti
220 542 282 604 tibi
299 541 505 615 commodius
523 561 697 622 exponam.
738 542 792 605 De
808 541 849 605 iis
865 541 989 605 litteris
1001 564 1083 625 quas
1101 576 1118 622 4

13 654 55 715 ad
81 650 389 725 teThessalonica
406 650 507 725 misit,
527 659 561 714 et
578 650 620 713 de
638 631 850 715 sermonibus
867 672 951 733 quos
968 651 1083 714 abillo

12 770 47 823 et
71 762 217 823 Romae
233 758 321 839 apud
338 759 464 822 amicos
483 767 560 821 tuos
578 768 611 821 et
629 757 664 820 in
683 758 802 822 itinere
819 758 954 822 habitos
972 768 1081 842 putas,

12 867 150 951 ecquid
178 876 311 929 tantum
336 887 457 930 causae
486 867 530 929 sit
563 867 681 949 ignoro
689 887 697 944 ;
730 868 789 930 sed
817 868 928 931 omnis
959 869 994 930 in
1025 878 1085 932 tua

12 977 140 1059 posita
167 983 220 1038 est
245 974 455 1038 humanitate
482 975 563 1037 mihi
593 995 671 1056 spes
700 976 800 1039 huius
828 976 989 1041 levandae
1016 998 1083 1040 mo

12 1085 158 1149 lestiae.
200 1084 298 1158 Nam,
317 1082 346 1146 si
363 1083 411 1145 ita
427 1083 595 1157 statueris,
614 1094 648 1146 et
666 1084 845 1147 irritabiles
862 1084 991 1149 animos
1008 1106 1084 1149 esse

14 1193 236 1275 optimorum
250 1211 350 1272 saepe
363 1190 537 1253 hominum
551 1200 584 1253 et
601 1192 739 1271 eosdem
757 1191 946 1273 placabiles
961 1203 995 1256 et
1008 1214 1084 1257 esse

14 1302 114 1365 hanc
150 1300 349 1382 agilitatem,
379 1307 417 1362 ut
447 1298 494 1362 ita
521 1298 639 1374 dicam,
671 1299 912 1383 mollitiamque
944 1311 1083 1393 naturae

16 1411 230 1491 plerumque
253 1406 425 1482 bonitatis
444 1416 487 1483 et,
507 1406 540 1469 id
556 1408 645 1491 quod
670 1418 770 1489 caput
793 1418 854 1483 est,
873 1409 970 1473 nobis
995 1410 1084 1473 inter

18 1540 87 1581 nos
106 1525 229 1579 nostra
246 1515 316 1579 sive
334 1515 546 1579 incommoda
562 1515 632 1579 sive
650 1516 732 1579 vitia
748 1516 819 1579 sive
845 1517 982 1581 iniurias
1008 1539 1083 1582 esse

20 1625 234 1699 tolerandas,
259 1623 361 1687 facile
390 1624 482 1698 haec,
510 1624 792 1706 quemadmodum
820 1644 927 1705 sper0‚
954 1626 1083 1709 mitiga-

20 1736 168 1799 buntur.
221 1732 321 1815 Quod
339 1753 402 1815 ego
419 1742 456 1795 ut
473 1732 578 1795 facias
595 1742 630 1795 te
648 1752 723 1808 0r0;
744 1753 820 1795 nam
838 1734 878 1795 ad
896 1754 959 1810 me,
974 1735 1031 1816 qui
1048 1743 1082 1798 te

23 1843 129 1905 unice
151 1840 267 1922 diligo,
286 1840 430 1903 maxime
454 1841 602 1922 pertinet
624 1841 794 1903 neminem
820 1861 895 1903 esse
919 1862 1080 1917 meorum,
1100 1873 1104 1878 ·

24 1951 83 2032 qui
101 1958 164 2015 aut
181 1957 216 2011 te
234 1969 301 2011 non
319 1958 407 2012 amet
424 1958 481 2011 aut
499 1950 559 2013 abs
577 1958 611 2011 te
634 1969 701 2011 non
727 1959 867 2013 ametur.
919 1949 981 2012 Illa
1005 1971 1082 2032 pars
1102 1976 1116 2030 ς

25 2058 199 2140 epistulae
219 2066 298 2121 tuae
323 2057 460 2121 minime
484 2057 551 2121 fuit

575 2057 774 2134 necessaria,
794 2058 829 2122 in
853 2079 919 2141 qua
943 2059 1082 2141 exponis

27 2189 112 2249 quas
130 2166 313 2230 facultates
330 2175 388 2229 aut
407 2166 661 2248 provincialium
686 2177 743 2229 aut
769 2168 971 2231 urbanorum
996 2188 1082 2232 com-

28 2277 208 2338 modorum
226 2283 260 2337 et
277 2273 351 2338 aliis
367 2275 575 2356 temporibus
596 2283 630 2338 et
653 2295 707 2337 me
732 2275 805 2356 ipso
829 2276 968 2339 consule
991 2297 1082 2359 prae-

29 2383 230 2446 termiseris.
295 2382 382 2444 Mihi
414 2383 503 2445 enim
535 2392 715 2465 perspecta
745 2393 797 2446 est
826 2384 1018 2466 ingenuitas
1047 2396 1081 2448 et

31 2491 232 2574 magnitudo
249 2490 352 2553 animi
368 2491 428 2566 tui,
443 2511 553 2573 neque
569 2511 632 2573 ego
650 2491 739 2554 inter
756 2512 808 2556 me
825 2487 925 2574 at'que
942 2502 976 2555 te
993 2493 1082 2576 quic-

32 2621 131 2681 quam
150 2599 317 2662 interesse
333 2619 492 2681 umquam
509 2599 588 2661 duxi
608 2608 742 2680 praeter
756 2600 963 2663 voluntatem
989 2601 1081 2664 insti-

33 2717 127 2771 tutae
143 2707 244 2781 vitae,
259 2707 348 2789 quod
367 2727 419 2769 me
436 2706 576 2770 ambitio
594 2709 756 2790 quaedam
773 2709 815 2771 ad
832 2709 996 2771 honorum
1014 2720 1082 2773 stu-

64 2857 86 2901 4.
106 2843 143 2890 de
157 2841 194 2889 iis
205 2840 321 2890 litteris:
338 2840 371 2890 cf.
383 2841 446 2889 lntr.
459 2853 534 2904 9¹·-

35 2909 66 2956 de
82 2908 280 2957 sermonibus:
299 2906 331 2955 cf.
349 2907 444 2955 introd.
462 2915 532 2964 note,

36 2974 83 3022 and
107 2977 163 3022 An.
190 2988 212 3021 1.
239 2987 276 3036 19.
305 2987 332 3020 11
366 2973 477 3035 (written
505 2974 555 3021 in.

37 3041 134 3098 March,
158 3039 192 3089 60
216 3041 278 3102 nc.)
305 3040 416 3099 Quintus
441 3040 533 3103 frater

34 3115 130 3169 purgat
145 3123 171 3154 se
188 3107 256 3154 mihi
270 3115 321 3168 per
337 3107 433 3153 litteras
450 3113 474 3153 et
489 3108 533 3154 ad·

35 3173 124 3232 firmat
146 3173 219 3220 nihil
236 3189 252 3220 a
273 3189 298 3220 se
318 3175 436 3234 cuiquam
458 3174 488 3220 a'e
510 3179 533 3221 te

37 3254 101 3286 secus
121 3256 173 3288 esse
195 3241 299 3287 dictum.
312 3266 345 3274 —
357 3252 475 3288 causae:
498 3256 531 3287 sc.

38 3304 75 3352 lor
85 3307 127 3355 his
139 3305 262 3355 conduct.
275 3333 307 3341 -
315 3305 479 3354 irritabiles:
499 3305 531 3355 cf.

42 3371 66 3428 Q.
79 3374 120 3435 fr.
143 3387 163 3420 1.
188 3386 209 3421 1.
231 3385 261 3436 37
286 3388 372 3419 omnes
388 3375 465 3429 enim,
487 3373 534 3435 qui

40 3438 108 3487 istinc
127 3442 245 3496 veniunt,
265 3439 301 3487 ita
324 3441 354 3487 de
376 3446 421 3487 tua
439 3440 534 3486 uirtute

41 3504 177 3567 integritate
204 3506 365 3554 humanitate
390 3521 533 3553 commemu

42 3578 102 3628 rant,
120 3579 150 3620 ut
169 3575 198 3619 in
219 3574 271 3620 tuis
287 3573 396 3619 summis
412 3573 533 3619 laudibus

41 3640 163 3698 excipiant
173 3654 253 3686 unam
267 3639 439 3686 iracundiam.

74 3715 92 3765 5.
109 3704 328 3767 provincialium
352 3703 479 3768 probably
496 3720 532 3753 re·

42 3765 89 3818 fers
100 3779 145 3820 not
157 3779 186 3819 to
203 3770 319 3834 politica]
337 3771 466 3834 positions
484 3771 531 3818 but

585 2848 614 2889 to
632 2839 754 2890 business
775 2843 966 2905 opportunities
985 2843 1012 2892 in
1037 2845 1082 2894 the
1162 2872 1165 2877 ·

584 2907 722 2970 provinces
735 2908 818 2957 which
832 2909 936 2958 Atticus
953 2910 1006 2958 had
1024 2927 1082 2974 neg-

584 2973 670 3022 lected
686 2974 713 3023 in
731 2975 835 3038 serving
853 2976 897 3024 the
914 2977 1036 3026 interests
1054 2979 1082 3026 of

585 3040 687 3097 Cicero,
698 3040 807 3106 notably
819 3041 913 3105 during
925 3044 970 3092 the
983 3045 1081 3093 latter’s

584 3107 728 3172 candidacy
739 3107 781 3156 ior
799 3109 845 3157 the
862 3110 1012 3174 consulship
1030 3110 1081 3159 and

584 3173 755 3239 incumbency
770 3175 799 3222 of
817 3176 874 3223 that
890 3176 972 3226 office.
1008 3178 1081 3227 Most

584 3240 613 3288 of
634 3240 678 3289 the
702 3241 821 3291 business
840 3250 960 3292 ventures
984 3244 1013 3291 of
1035 3239 1080 3292 Atl

584 3306 660 3364 ticus,
684 3308 742 3356 who
766 3324 818 3358 was
842 3324 857 3356 a
881 3309 1079 3375 money-lender,

584 3388 651 3421 were
662 3374 763 3422 carried
775 3391 809 3423 on
827 3376 854 3423 in
872 3376 917 3424 the
934 3376 1079 3439 provinces.

583 3440 803 3489 -voluntatem
823 3441 973 3491 institutae
991 3444 1079 3492 vitae:

585 3505 678 3554 Cicero
698 3523 749 3554 was
770 3508 910 3557 interested
930 3510 957 3557 in
977 3511 1080 3573 politics

584 3572 659 3620 while
688 3574 792 3622 Atticus
821 3574 881 3623 held
911 3575 984 3623 alool
1010 3577 1079 3624 from

584 3639 667 3697 them3
696 3639 729 3688 cf.
751 3641 813 3688 lntr.
837 3641 1079 3704 58.—honorurn:

582 3705 670 3767 public
691 3705 864 3763 distinctions,
881 3709 1020 3774 especially
1036 3725 1080 3772 po

582 3772 662 3819 litical
683 3772 898 3822 offices.-cum
923 3809 927 3820 .
957 3809 963 3822 .
989 3809 995 3822 .
1019 3777 1079 3824 dis-
