2575 4200
61 283 138 330 Fam.
152 297 175 346 9.
189 279 240 343 24]
301 257 305 263 '
404 277 573 328 crcuno‘s
599 277 773 328 narrans.
1066 274 1116 332 273

61 469 185 523 essem,
204 470 280 512 cum
305 459 340 511 te
360 458 538 529 tantopere
559 448 708 510 viderem
731 449 803 510 eius
825 469 925 512 eausa
950 449 1115 524 laborare3

61 577 141 622 cum
166 576 247 620 vero
272 566 306 619 et
331 577 372 619 ex
399 556 467 618 tuis
490 555 613 641 litteris
635 565 669 618 et
693 576 733 618 ex
753 556 842 619 illius
865 557 906 619 ad
927 576 980 618 me
1003 556 1115 619 missis

61 647 260 747 intellegam
280 674 314 728 et
336 664 480 728 iudicem
503 684 645 746 magnae
669 684 768 727 curae
789 665 819 727 ei
841 664 983 728 salutem
1006 684 1114 728 meam

60 774 182 848 fuisse,
208 794 276 836 non
301 793 439 854 possum
466 772 497 835 ei
521 793 590 834 non
615 771 741 836 amicus
768 793 853 846 esse,
872 793 982 855 neque
1007 773 1114 836 solum

62 894 125 944 tua
157 881 459 955 commendatione,
488 900 572 963 quae
605 881 693 962 apud
726 901 789 956 me,
821 890 857 943 ut
890 881 1000 954 debet,
1026 881 1114 943 valet

62 990 255 1071 plurimum,
274 990 333 1052 sed
358 990 459 1052 etiam
485 989 659 1052 voluntate
684 1009 722 1052 ac
747 989 870 1052 iudicio
895 1009 979 1052 meo.
1028 989 1114 1052 Volo

62 1098 154 1161 enim
188 1107 222 1160 te
247 1098 343 1171 scire,
373 1097 419 1160 mi
453 1097 563 1172 Paete,
591 1097 722 1160 initium
749 1097 830 1160 mihi
855 1097 1055 1179 suspicionis
1081 1107 1114 1159 et

62 1206 232 1270 cautionis
256 1216 289 1268 et
315 1205 509 1288 diligentiae
529 1205 635 1268 fuisse
660 1205 789 1269 litteras
812 1216 897 1280 tuaS,
916 1205 1037 1288 quibus
1064 1205 1116 1267 lit-

61 1314 147 1377 teris
165 1324 393 1396 congruentes
410 1314 549 1376 fuerunt
566 1314 650 1376 aliae
668 1323 786 1395 postea
802 1314 992 1376 multorum.
1027 1315 1113 1376 Nam

63 1433 98 1484 et
130 1421 260 1504 Aquini
291 1431 325 1484 et
354 1421 568 1485 Fabrateriae
597 1422 738 1485 consilia
767 1431 846 1485 sunt
878 1421 961 1485 inita
992 1423 1034 1484 de
1062 1442 1116 1484 me

63 1550 151 1612 quae
173 1539 208 1592 te
224 1530 322 1592 video
348 1529 527 1604 inaudisse,
546 1539 589 1603 et,
617 1531 713 1612 quasi
739 1530 927 1592 divinarent
950 1526 1051 1613 'quam
1075 1529 1116 1592 iis

64 1638 230 1700 molestus
250 1657 358 1701 essem
381 1638 526 1712 futurus,
545 1637 629 1700 nihil
649 1638 738 1700 aliud
762 1647 902 1719 egerunt
926 1637 990 1700 nisi
1008 1657 1061 1699 me
1079 1647 1115 1700 ut

65 1745 298 1827 opprimerent
311 1767 318 1822 ;
337 1747 426 1827 quod
439 1766 502 1827 ego
515 1766 583 1808 non
598 1745 773 1826 suspicans
788 1746 951 1808 incautior
963 1745 1114 1819 fuissem,

65 1853 131 1916 nisi
161 1874 181 1916 a
213 1862 248 1917 te
280 1854 473 1916 admonitus
507 1874 626 1916 essem.
679 1853 907 1936 Quamobrem
940 1852 1005 1915 iste
1036 1863 1115 1915 tuus

66 1962 195 2025 amicus
212 1963 300 2043 apud
318 1982 371 2024 me
389 1962 681 2025 commendatione
694 1969 766 2024 'non
784 1970 870 2043 eget.
920 1961 1059 2024 Vtin'am
1078 1981 1117 2023 ea

56 2071 204 2134 fortuna
226 2070 275 2133 rei
300 2092 331 2153 p.
358 2070 400 2134 sit
418 2079 456 2133 ut
474 2070 529 2133 ille
546 2090 600 2133 me
623 2070 731 2133 virum
755 2070 983 2152 gratissimum
1010 2070 1116 2152 possit

67 2181 288 2261 cognoscere!
339 2179 406 2243 Sed
431 2178 513 2241 haec
538 2178 711 2242 hactenus
762 2179 812 2241 Te
837 2179 878 2241 ad
905 2199 1005 2242 cenas
1033 2179 1150 2241 itarez

66 2288 198 2350 desisse
224 2287 366 2350 moleste
388 2287 476 2363 fero;
501 2308 623 2369 magna
645 2287 734 2349 enim
764 2297 798 2349 te
830 2287 1054 2350 delectatione
1083 2297 1116 2350 et

66 2395 241 2476 voluptate
273 2394 428 2477 privasti3
460 2394 583 2458 deinde
608 2396 710 2458 etiam
736 2395 1002 2457 vereor—licet
1028 2395 1116 2456 enim
1198 2459 1200 2463 ,

65 2523 184 2565 verum
220 2504 444 2566 dicere-ne
482 2503 597 2567 nescio
638 2503 717 2586 quid
751 2503 831 2565 illud
864 2504 953 2584 quod
986 2504 1117 2566 solebas

65 2611 221 2673 dediscas
246 2621 280 2673 et
305 2611 511 2685 obliviscare,
531 2612 669 2675 cenulas
693 2611 814 2674 facere.
865 2612 963 2684 Nam,
991 2612 1020 2673 si
1044 2621 1116 2673 tum

65 2738 144 2781 cum
171 2719 318 2781 habebas
343 2739 426 2802 quos
452 2719 620 2781 imitarere
645 2740 713 2781 non
739 2718 881 2781 multum
908 2719 1115 2799 proficiebas,

65 2826 147 2907 quid
166 2846 255 2889 nunc
272 2836 308 2889 te
324 2826 490 2889 facturum
509 2827 644 2908 putem?
695 2826 864 2908 Spurinna
877 2827 1020 2908 quidem,
1041 2847 1117 2889 cum

64 2983 137 3031 what
156 2983 178 3031 is
198 2982 254 3031 told
274 2999 304 3032 us
322 2984 346 3031 in
366 2984 418 3032 this
440 2984 568 3032 ietten-
619 2984 769 3048 vigorously
792 2984 818 3031 in
837 2983 881 3031 the
905 2992 1002 3040 senate,
1021 2984 1118 3047 having

66 3064 194 3113 magnae
224 3051 497 3100 curae...fuisse:
526 3051 567 3100 his
619 3050 723 3115 already
735 3050 865 3098 delivered
885 3051 956 3112 eight
970 3066 1000 3097 or
1017 3051 1077 3099 nine
1090 3051 1118 3098 of

65 3117 176 3164 interest
200 3131 251 3163 was
281 3117 371 3165 shown
401 3118 427 3164 in
453 3118 568 3180 waming
618 3118 659 3165 his
680 3117 827 3180 Philippics‚
846 3116 920 3164 while
939 3125 965 3164 at
983 3117 1027 3164 the
1046 3132 1117 3165 same

66 3183 162 3230 Cicero
172 3182 286 3245 through
299 3184 393 3231 Paetus
403 3184 432 3231 of
440 3184 484 3232 the
493 3185 568 3247 plans
619 3185 682 3233 time
700 3185 732 3232 he
751 3200 802 3232 was
821 3183 928 3245 making
945 3198 1022 3247 every
1038 3182 1116 3231 effort

65 3249 183 3311 forming
195 3249 297 3311 against
309 3250 371 3297 him.
380 3279 414 3286 —
423 3250 514 3299 aliae:
534 3268 567 3299 sc.
619 3259 648 3298 to
660 3266 731 3299 mass
744 3251 788 3298 the
799 3250 884 3298 forces
897 3250 926 3296 of
944 3250 987 3297 the
1003 3250 1117 3312 republic

65 3317 197 3377 epismlae,
221 3331 252 3363 or
274 3318 373 3364 litterae
395 3317 421 3364 in
444 3333 460 3365 a
483 3317 567 3380 plural
618 3318 721 3380 against
733 3317 786 3363 him
798 3318 824 3364 in
838 3317 881 3364 the
894 3317 980 3364 north.
1096 3360 1101 3372 ,

66 3397 159 3439 sense3
176 3381 210 3430 cf.
222 3383 322 3439 litteris,
337 3384 385 3445 Ep.
399 3384 501 3432 XCIX.
516 3397 525 3430 r
542 3399 567 3430 n.
653 3398 675 3430 2.
694 3398 768 3446 quos
779 3384 940 3431 imitarere:
958 3398 1000 3445 ag.
1013 3383 1116 3431 Hirtius

66 3448 144 3497 —de
169 3462 236 3497 me:
255 3448 348 3497 Cicero
372 3450 394 3498 is
414 3450 567 3513 apparently
618 3448 670 3497 and
695 3449 835 3497 Dolabella
857 3449 900 3513 (cf.
920 3451 967 3512 Ep.
988 3449 1060 3496 LXI.
1080 3450 1115 3513 7).

67 3514 193 3576 referring
210 3515 279 3570 here,
298 3530 328 3563 as
351 3516 377 3563 in
395 3518 494 3564 several
512 3531 568 3578 pas-
620 3516 723 3564 Hirtius
752 3532 805 3564 was
833 3517 859 3563 in
889 3516 1012 3565 northern
1041 3516 1116 3579 Italy,

67 3596 144 3643 sages
162 3581 189 3628 in
208 3580 248 3629 his
274 3582 421 3644 Philippics‚
440 3591 468 3630 to
492 3583 567 3645 pians
619 3582 760 3630 Dolabella
773 3583 796 3629 in
813 3583 893 3646 Syria.
922 3583 964 3630 Cf.
978 3584 1042 3630 lntr.
1055 3596 1086 3641 42
1096 3582 1116 3629 f.

67 3647 145 3696 made
162 3648 266 3709 against
284 3647 325 3695 his
344 3648 388 3695 life
406 3648 440 3711 by
458 3650 568 3712 Antony
618 3650 869 3712 —Spurinnatthe
882 3648 1029 3697 celebrated
1039 3650 1116 3697 haru-

67 3713 119 3762 and
149 3714 280 3777 Antony's
311 3713 568 3764 friends-mole·
618 3723 679 3776 spex
697 3716 755 3763 who
774 3713 826 3762 had
845 3715 947 3763 wamed
972 3716 1077 3763 Caesar
1088 3725 1115 3764 to

68 3789 149 3830 stus:
176 3779 210 3828 he
228 3794 280 3827 was
303 3780 438 3842 attacking
458 3782 567 3845 Antony
618 3781 719 3829 beware
732 3782 760 3830 of
770 3782 813 3829 the
823 3781 922 3844 danger
930 3781 1116 3830 whichthreat-
