2575 4200
26 274 96 320 Fam.
116 286 155 320 11.
170 270 221 335 28.]
365 269 534 318 CICERO’S
559 268 734 317 LETTERS.
1027 267 1083 342 269Ι

25 439 73 501 rei
100 461 132 521 p.
160 438 267 501 fuisse
300 437 426 500 utilem.
489 436 557 500 Sed
582 456 650 498 non
675 456 773 517 agam
805 444 943 498 astute:
967 434 1078 498 fateor

25 568 78 609 me
95 547 139 609 ad
156 547 258 609 istum
280 545 419 627 gradum
439 544 623 626 sapientiae
644 564 711 606 non
733 544 942 632 perveniss2e3
967 563 1077 627 neque

26 655 118 717 enim
160 654 338 718 Caesarem
376 653 409 715 in
444 652 655 715 dissensione
692 651 780 715 civili
817 672 890 714 sum
927 660 1074 726 secutus

25 764 85 825 sed
110 762 267 825 amicum.
318 761 528 844 Quamquam
562 780 597 822 re
629 759 835 834 offendebar,
862 768 975 821 tamen
1008 779 1076 821 non

25 870 173 944 deserui,
191 888 301 951 neque
323 868 447 931 bellurn
466 888 612 950 unquam
632 866 728 930 civile
750 876 807 929 aut
825 867 926 929 etiarn
943 887 1077 930 causam

25 977 251 1057 dissensionis
268 975 413 1059 probavi,
433 996 532 1058 quarn
558 976 658 1038 etiam
684 983 880 1038 nascentem
906 975 1078 1056 exstingui

26 1106 159 1149 summe
184 1085 305 1149 studui.
358 1084 476 1166 Itaque
504 1083 538 1146 in
566 1083 706 1147 victoria
737 1081 883 1144 hominis
901 1082 1080 1145 necessarii

12 1214 141 1276 ,neque
167 1192 302 1256 honoris
327 1212 437 1275 neque
461 1191 624 1274 pecuniae
649 1191 825 1255 dulcedine
851 1212 923 1254 surn
948 1201 1076 1274 captus,

26 1302 153 1385 quibus
183 1300 338 1383 praemiis
367 1299 496 1383 reliqui,
526 1299 637 1376 minus
668 1300 754 1380 apud
783 1320 859 1361 eum
887 1320 986 1380 quam
1015 1319 1077 1381 ego
1106 1316 1109 1323 ’

27 1431 106 1473 cum
135 1418 286 1491 possent,
316 1409 534 1471 immoderate
563 1416 643 1469 sunt
673 1407 777 1470 abusi.
828 1407 943 1490 Atque
976 1407 1077 1469 etiam

9 1539 81 1581 xres
112 1516 285 1580 familiaris
315 1536 388 1578 mea
415 1516 490 1597 lege
519 1514 671 1583 Caesaris
699 1516 871 1578 deminuta
896 1525 957 1591 est,
984 1516 1077 1581 cuius

27 1625 196 1688 beneficio
213 1623 363 1706 plerique
383 1623 440 1707 qui
462 1622 614 1686 Caesaris
632 1632 741 1685 morte
762 1624 931 1686 laetantur
952 1644 1078 1686 reman-
1176 1650 1181 1661 ·

29 1742 148 1796 serunt
172 1732 206 1794 in
227 1731 371 1795 civitate.
423 1730 560 1794 Civibus
580 1731 676 1793 victis
698 1741 736 1793 ut
759 1741 951 1812 parceretur
972 1750 1096 1814 aeque*

10 1861 68 1903 ac
91 1860 152 1922 pro
177 1859 251 1901 mea
271 1840 378 1902 salute
402 1839 556 1901 laboravi.
608 1839 747 1901 Possum
764 1839 873 1920 igitur,
893 1840 950 1922 qui
969 1840 1078 1902 omnis
1097 1868 1112 1919 3

29 1947 193 2010 voluerim
232 1946 419 2021 incolumis
453 1966 529 2008 eurn
562 1968 581 2008 a
612 1967 678 2027 quo
711 1947 743 2008 id
775 1947 989 2027 impetratum
1026 1956 1078 2009 est

29 2056 161 2138 perisse
186 2075 253 2118 non
279 2054 457 2137 indignari,
484 2075 560 2118 curn
593 2054 788 2136 praesertim
814 2054 901 2117 idern
926 2055 1078 2119 homines

30 2164 79 2226 illi
112 2175 147 2226 et
180 2163 323 2226 invidiae
356 2173 389 2226 et
422 2163 523 2226 exitio
561 2147 712 2241 fuerint?
763 2163 943 2226 ‘Plecteris
976 2162 1076 2245 erg0,'

30 2271 200 2354 inquiunt,
224 2271 401 2354 ‘quoniam
425 2271 553 2334 factum
574 2281 727 2332 nostrum
749 2270 936 2352 improbare
953 2269 1076 2334 audes'

32 2380 64 2444 O
91 2379 284 2461 superbiam
307 2378 499 2453 inauditam,
518 2378 600 2440 alios
618 2379 652 2440 in
669 2378 819 2441 facinore
843 2379 986 2460 gloriari,
1005 2379 1078 2442 aliis

31 2509 75 2551 ne
107 2488 222 2550 dolere
251 2487 384 2569 quidem
417 2486 570 2568 inpunite
602 2487 718 2549 licere!
783 2487 832 2548 At
865 2487 947 2550 haec
979 2488 1078 2550 etiam

29 2657 62 2687 sc.
87 2639 211 2694 dicend0;
235 2637 268 2686 cf.
292 2652 315 2697 4,
340 2637 430 2686 below.
478 2637 531 2685 For
581 2638 697 2694 Italiam,
718 2636 831 2700 limiting
859 2637 903 2684 the
932 2645 1021 2686 extent
1051 2645 1078 2686 to

30 2707 77 2754 the
90 2719 163 2753 same
175 2719 221 2753 use
234 2703 263 2752 of
278 2703 431 2770 vinceracf.
446 2703 530 2751 Plaut.
581 2704 666 2752 which
689 2702 753 2751 land
771 2703 848 2751 could
866 2702 899 2751 be
918 2704 1078 2766 mortgaged.
1150 2745 1152 2754 .

30 2774 109 2820 Most.
119 2783 152 2836 95
159 2771 272 2835 profecto
282 2787 350 2819 csse.
366 2806 371 2817 .
387 2783 466 2818 ¹vera
474 2772 531 2817 vin-
581 2778 631 2818 etc.
650 2769 691 2817 Cf.
706 2771 880 2832 Langedr'o'm.
891 2771 1001 2818 Altertlr.
1017 2770 1078 2818 1112.

29 2856 87 2886 cam
95 2854 107 2895 ;
139 2838 205 2885 Hor.
224 2839 278 2885 Sat.
297 2851 319 2885 2.
338 2851 360 2901 3.
380 2849 427 2901 225
450 2838 534 2884 vincet
581 2844 890 2900 435.—remanserunt
904 2854 909 2882 :
924 2836 991 2884 their
1003 2838 1079 2886 debts

10 2907 100 2954 sscnim
114 2906 204 2952 stultos
217 2905 283 2950 ratio
295 2905 413 2951 insanire
425 2910 541 2968 nepotes.¹
582 2902 669 2950 would
687 2903 824 2951 otherwise
848 2904 913 2951 have
937 2904 1080 2966 prevented

10 2971 250 3019 '—Caesarem:
273 2987 306 3017 sc.
325 2971 370 3018 the
387 2978 531 3018 statesman
582 2969 654 3016 them
672 2969 740 3016 from
759 2968 839 3031 doing
856 2971 915 3017 this.

31 3053 61 3085 or
79 3038 373 3099 general-summe:
396 3053 426 3085 as
444 3052 477 3084 an
495 3037 532 3083 in·
616 3050 639 3099 3.
659 3037 737 3085 idem
754 3037 906 3085 homines:
929 3038 964 3084 M.
985 3037 1079 3084 Bmtus

10 3153 11 3156 ,
31 3105 134 3152 tensive
151 3102 250 3151 adverb
266 3119 364 3150 summe
375 3103 397 3150 is
408 3101 493 3150 found
504 3103 530 3150 in

10 3176 12 3180 “
31 3170 149 3218 Cicero’s
167 3169 259 3218 earlier
271 3169 385 3231 writings
402 3170 455 3232 (ag.
468 3171 530 3216 Dio.

9 3562 42 3598 eni
74 3570 206 3628 victoria,
224 3569 315 3625 etc.,is
337 3569 485 3632 equivalent
503 3577 531 3616 to

13 3745 108 3821 dmm}

9 3807 89 3873 menni·
97 3840 103 3889 ιΙ

31 3240 60 3284 in
74 3237 165 3285 Caecil.
178 3237 228 3300 57),
239 3236 265 3284 in
278 3237 322 3284 the
331 3238 360 3284 de
369 3237 434 3291 Ft'ra,
443 3235 495 3282 and
505 3235 532 3282 in

31 3304 73 3352 his
92 3302 318 3366 correspondence
344 3302 396 3365 (eg.
416 3304 489 3349 Fam.
508 3316 530 3361 4.

33 3385 56 3431 7.
72 3368 185 3431 2).—in
203 3370 340 3418 victoria:
361 3372 389 3416 in
408 3369 468 3416 with
488 3366 532 3416 the

31 3436 83 3484 abl.
98 3435 120 3483 is
134 3436 198 3485 used
214 3436 380 3500 colloquially
391 3436 434 3483 for
445 3451 461 3482 a
472 3450 532 3483 con·

31 3503 144 3552 ditional
157 3519 187 3550 or
200 3503 326 3564 temporal
336 3503 432 3550 clause.
460 3502 531 3549 Here

63 3651 91 3699 m
112 3638 209 3683 vt'cmet
231 3638 304 3683 homo
327 3637 533 3682 necessarius*—

43 3706 101 3752 T'e
120 3702 272 3751 Caesaris:
292 3701 335 3748 the
353 3703 396 3748 lex
413 3703 485 3748 lulio
503 3701 533 3748 de

128 3770 248 3818 credendi
264 3775 289 3814 ct
300 3769 449 3829 possidendi
462 3769 532 3820 intra

582 3102 635 3150 and
654 3103 683 3150 C.
703 3103 811 3152 Cassius
830 3118 894 3150 were
918 3118 1014 3164 among
1035 3103 1079 3151 the

581 3168 680 3216 former
699 3170 862 3232 Pompeians,
877 3170 963 3216 whose
979 3168 1079 3232 pardon

582 3235 634 3282 and
652 3235 841 3284 advancement
859 3235 893 3300 by
912 3236 1010 3283 Caesar
1028 3235 1079 3283 had

582 3302 711 3365 probably
728 3301 830 3350 excited
848 3303 892 3349 the
910 3317 977 3365 envy
996 3301 1080 3363 (invi-

583 3369 659 3431 diae)
674 3369 703 3416 οἱ
720 3370 797 3418 those
809 3369 868 3416 who
886 3367 938 3415 had
955 3368 1079 3416 followed

585 3436 682 3484 Caesar
694 3435 856 3499 throughout
868 3435 913 3483 the
926 3435 993 3482 Civil
1008 3436 1079 3493 War,

583 3501 635 3549 and
648 3503 721 3550 these
732 3508 783 3550 two
793 3518 853 3549 men
866 3501 954 3564 joined
967 3502 1011 3549 the
1021 3517 1081 3549 con-

582 3569 684 3632 spiracy
696 3577 723 3616 to
736 3568 781 3616 kill
795 3569 847 3615 him
857 3569 975 3631 (exitio).
986 3597 1019 3604 -
1027 3568 1080 3615 illi:

583 3637 621 3681 ia.
645 3637 755 3683 Caesari.
768 3664 801 3670 —
814 3635 954 3697 impunite
967 3653 972 3682 :
996 3633 1080 3682 found

584 3702 644 3765 only
657 3715 721 3748 once
737 3701 874 3748 elsewhere
889 3701 954 3764 (Cic.
967 3702 997 3748 dc
1009 3702 1080 3748 Fim'-

584 3768 636 3825 bus,
657 3781 678 3814 z.
700 3766 741 3832 59)
764 3768 790 3814 in
814 3767 931 3816 classical
952 3782 1081 3832 prose.-
