2575 4200
60 303 183 353 Fama.
198 303 249 369 15.]
421 304 589 354 crceuo’s
615 306 790 354 terreus.
1077 305 1125 358 167

60 472 161 535 hanc
185 491 294 535 meam
320 471 470 553 gloriam,
497 492 581 553 quae
606 473 647 536 ad
672 492 726 535 me
750 473 833 535 nihil
857 474 1014 556 pertinet,
1041 476 1124 539 deri·

58 581 169 657 deas3
192 600 278 662 quae
295 580 357 642 tibi
374 600 540 661 exponere
557 580 624 663 nisi
641 602 751 644 coram
769 602 836 644 non
860 603 1005 663 possum,
1025 583 1123 666 idque

60 688 227 751 celeriter
243 688 318 751 iore
336 708 449 770 spero,
476 709 552 750 nam
570 708 633 764 me,
653 710 727 753 cum
751 689 934 772 expulisset
960 712 1000 753 ex
1026 692 1124 755 ltalia
1221 747 1223 751 .

61 796 277 877 Pompeium,
305 796 481 859 constituit
505 797 547 859 ad
572 797 688 859 urbem
714 817 856 873 vocare;
886 798 919 860 id
944 801 1031 880 quod
1057 800 1122 862 iam

61 904 228 967 existimo
254 904 457 979 confectum,
477 903 542 967 nisi
567 904 596 967 si
620 904 737 967 maluit
764 906 940 987 Pompeius
966 907 1123 970 Brundisi

62 1012 319 1075 circumsederi.
372 1012 507 1075 Peream
526 1012 555 1075 si
571 1013 709 1075 minima
726 1034 826 1077 causa
846 1024 897 1076 est
923 1016 1122 1097 properandi
1140 1038 1154 1073 2

60 1120 139 1182 isto
154 1120 245 1195 mihi,
267 1121 356 1202 quod
372 1130 407 1183 te
423 1121 537 1183 videre
555 1130 588 1183 et
609 1121 721 1183 omnia
745 1121 863 1185 intima
888 1123 1041 1187 conferre
1057 1124 1121 1187 dis·

62 1228 184 1309 cupio;
209 1228 317 1291 habeo
342 1238 454 1291 autem
479 1249 577 1312 quam
603 1229 717 1292 multa.
785 1230 855 1292 Hui
879 1251 1004 1306 vereor,
1032 1234 1121 1313 quod

62 1337 158 1398 solet
183 1336 263 1430 lieri,
291 1356 343 1412 ne,
370 1357 445 1400 cum
470 1345 505 1399 te
529 1337 653 1411 videro,
680 1337 792 1401 omnia
816 1338 1001 1403 obliviscar.
1053 1339 1119 1403 Sed

62 1453 184 1506 tamen
209 1445 298 1526 quod
323 1445 366 1507 ob
391 1444 500 1507 scelus
517 1444 581 1507 iter
605 1445 688 1507 mihi
713 1446 939 1509 necessarium
965 1456 1054 1509 retro
1078 1449 1120 1511 ad

63 1551 171 1633 Alpis
194 1572 313 1615 versus
338 1552 480 1615 incidit?
537 1552 645 1627 Adeo,
673 1555 760 1636 quod
787 1554 935 1617 Intimeli
960 1555 994 1616 in
1019 1557 1119 1619 armis

65 1668 159 1735 sunt,
179 1680 288 1742 neque
305 1661 347 1723 de
367 1681 489 1742 magna
513 1681 622 1724 causa.
673 1661 853 1737 Bellienus,
872 1682 974 1726 verna
999 1664 1119 1726 Deme-

65 1768 122 1843 tri,
149 1768 206 1850 qui
234 1768 282 1831 ibi
311 1789 387 1831 cum
416 1768 583 1851 praesidio
615 1778 696 1844 erat,
725 1770 911 1833 Domitium
941 1772 1116 1853 quendam,

67 1876 217 1939 nobilem
251 1876 308 1951 illi,
336 1875 489 1939 Caesaris
522 1876 700 1959 hospitem,
726 1898 746 1940 a
774 1878 940 1941 contraria
970 1879 1118 1944 factione

67 2075 115 2115 not
127 2066 213 2116 excite
225 2067 340 2131 surprise
351 2067 377 2116 in
390 2082 420 2117 so
430 2067 569 2132 colloquial

67 2150 83 2181 a
95 2135 191 2193 letter;
216 2135 249 2183 cf.
267 2151 344 2197 quom
366 2151 493 2192 conuerso,
512 2143 568 2193 etc,

69 2202 117 2263 Ep.
140 2201 240 2249 XLVI.
261 2215 274 2248 2
292 2217 317 2248 n.
357 2201 406 2250 See
430 2202 485 2249 also
509 2202 568 2250 Ter.

69 2268 139 2315 And.
158 2267 217 2331 650,
236 2266 289 2315 and
314 2267 426 2330 Spengel
450 2283 484 2314 on
509 2269 581 2317 Ter„

69 2335 139 2382 And.
159 2347 243 2398 45.—
255 2347 329 2396 quae
349 2368 355 2382 .
375 2369 382 2382 .
402 2369 408 2382 .
427 2334 567 2397 pertinet:

69 2400 113 2448 the
130 2400 225 2449 failure
238 2399 267 2448 of
285 2401 390 2448 Caelius
407 2410 434 2448 to
449 2401 524 2449 share
542 2401 567 2448 in

71 2467 192 2515 Caesar’s
219 2467 294 2532 glory
319 2467 350 2515 is'
369 2466 505 2529 explained
534 2467 568 2532 by

69 2548 138 2583 nam
148 2547 206 2593 me,
218 2541 267 2581 etc.
277 2562 310 2569 -
319 2547 393 2596 quae
405 2533 491 2596 (tibiyz
506 2533 567 2581 with

70 2601 202 2649 reference
229 2608 257 2647 to
284 2600 328 2648 the
357 2601 462 2662 general
490 2608 568 2648 state-

69 2675 154 2716 ments
168 2667 198 2714 of
215 2667 260 2715 the
278 2666 418 2729 preceding
433 2674 564 2727 sentence,

68 2734 207 2798 especially
225 2733 270 2782 the
288 2734 392 2797 anxiety
406 2733 435 2780 of
453 2733 565 2782 Caelius.

68 2830 100 2836 —
113 2799 275 2863 expulisset
288 2818 293 2848 :
322 2816 355 2847 sc.
382 2801 482 2849 Caesar.
492 2829 526 2835 -
537 2800 566 2848 id

69 2868 162 2932 quod:
187 2866 249 2914 with
268 2865 398 2915 reference
416 2874 444 2914 to
463 2866 507 2914 the
525 2882 565 2914 ex-

67 2935 172 2996 pulsion
187 2933 217 2981 of
236 2934 351 2997 Pompey
361 2933 431 2981 from
449 2933 566 2998 Italy.-

67 3001 124 3049 nisi
148 2999 189 3048 si:
219 2998 252 3047 cf.
276 3001 330 3046 nisi
355 3000 385 3056 si,
411 3000 459 3062 Ep.
484 2999 564 3047 XIII.

69 3082 78 3114 1
99 3084 124 3115 n.

101 3149 124 3182 2.
148 3147 267 3197 peream
291 3132 332 3182 si:
358 3131 391 3182 cf.
415 3149 446 3180 ne
468 3134 564 3190 vivam,

69 3203 116 3265 Ep.
131 3201 178 3248 IV.
191 3213 207 3259 4
219 3200 356 3249 n.-isto:
375 3199 564 3259 archaicform;

68 3267 99 3316 cf.
119 3267 225 3316 Servius
243 3281 277 3314 on
296 3267 372 3328 Verg.
391 3267 456 3313 Aen.
474 3264 497 3312 8.
515 3278 564 3329 423

66 3343 113 3397 pro
125 3335 175 3382 lcuc
188 3344 246 3381 Hoc
257 3339 349 3381 veteres
357 3333 438 3381 dicere
447 3333 563 3388 solebant,

68 3404 132 3450 sicut
142 3408 194 3462 pro
206 3400 269 3446 illuc
285 3411 350 3447 1LLO
362 3400 479 3446 dicimus.
516 3399 564 3446 See

69 3470 123 3516 also
136 3467 200 3515 Intr.
213 3465 254 3513 81.
290 3466 321 3513 In
333 3466 390 3514 isto
404 3465 448 3513 the
460 3464 565 3513 demon·

69 3534 174 3583 strative
190 3531 297 3595 particle
309 3531 365 3595 -c(c)
378 3533 399 3581 is
412 3531 523 3594 lacking,
535 3546 564 3579 as

69 3601 118 3649 itis
129 3601 155 3648 in
165 3601 209 3647 illi
218 3598 308 3646 below.
316 3628 349 3635 —
357 3599 497 3661 discupio,
507 3605 563 3651 etc..

70 3669 135 3715 Iam
148 3667 231 3728 dying
240 3672 264 3712 to
278 3682 316 3712 sce
322 3682 382 3728 you,
396 3673 444 3714 etc.
480 3664 564 3713 Verbs

69 3730 215 3782 intensified
233 3731 267 3795 by
279 3731 322 3780 the
339 3731 456 3780 addition
469 3732 498 3780 of
515 3733 563 3778 dis·

70 3799 161 3863 belong
185 3798 343 3863 exclusIvely
367 3805 395 3847 to
424 3797 564 3862 colloquial

621 2068 707 2127 Latin,
720 2068 772 2118 and
790 2085 833 2118 are
845 2069 943 2119 similar
954 2070 981 2118 in
996 2071 1118 2135 meaning

621 2142 650 2183 to
663 2135 738 2185 those
751 2137 935 2200 compounded
944 2138 1005 2185 with
1012 2146 1063 2199 per
1073 2139 1116 2201 (cf.

621 2201 685 2250 Intr.
696 2203 747 2265 77).
767 2204 859 2252 Cicero
872 2204 960 2252 allows
973 2205 1036 2252 such
1049 2220 1117 2252 com·

619 2269 731 2332 pounds,
738 2269 813 2317 when
821 2278 867 2317 not
877 2270 980 2332 applied
994 2279 1021 2318 to
1032 2271 1117 2336 physi-

619 2336 660 2383 cal
673 2343 786 2393 matters,
797 2336 858 2400 only
865 2337 891 2384 ln
904 2336 944 2384 his
956 2352 1028 2385 more
1041 2337 1116 2385 infor-

619 2400 672 2450 mal
679 2402 793 2464 writings
801 2401 843 2462 (cf.
849 2404 979 2460 discrucio,
985 2405 1008 2450 Α
1011 2410 1037 2450 u.
1047 2418 1083 2465 14.
1092 2405 1114 2452 6.

622 2469 824 2528 1;dilaudo,Att.
832 2483 854 2528 4.
864 2483 900 2529 17.
910 2468 996 2532 5),but
1003 2469 1029 2517 in
1038 2471 1114 2518 Latin

618 2534 730 2598 comedy
737 2550 753 2582 a
762 2535 940 2584 considerable
950 2536 993 2583 list
1003 2536 1032 2583 ol
1044 2537 1115 2585 thern

618 2601 640 2649 is
652 2601 744 2658 found,
752 2629 783 2636 —
794 2603 913 2658 discouco,
924 2603 1054 2659 discrucio,
1067 2606 1115 2652 dis-

618 2669 698 2729 cupio,
711 2669 834 2729 disperdo,
853 2671 972 2729 dispereo,
991 2670 1114 2731 dispudet,

617 2735 899 2797 distaedet-quam:
918 2743 964 2783 not
982 2744 1010 2783 to
1028 2736 1061 2784 be
1079 2752 1115 2785 re·

616 2800 715 2862 garded
751 2816 780 2849 as
815 2802 990 2867 exclamatory
1026 2803 1043 2866 (ί
1056 2803 1115 2851 how

616 2882 694 2931 many
705 2870 710 2913 l
720 2867 746 2930 ’),
756 2867 803 2915 but
815 2883 844 2916 as
856 2868 997 2926 intensive;
1011 2869 1043 2917 cf.
1057 2871 1115 2917 reie-

616 2936 651 2981 cit
665 2950 691 2981 sc
709 2936 737 2981 in
760 2950 817 2983 eum
833 2935 903 2997 flens
920 2951 996 2997 quom
1013 2937 1114 2999 famili·

616 3002 705 3057 ariter,
718 3001 777 3048 Ter.
790 3002 859 3048 Aud.
876 3001 929 3064 136.
955 3002 1005 3049 We
1017 3001 1114 3050 should

617 3066 679 3114 then
691 3066 812 3114 consider
823 3067 867 3115 the
879 3066 974 3129 phrase
992 3068 1112 3131 elliptical

618 3132 692 3195 (tam)
701 3135 783 3181 multo
792 3149 869 3196 quam
881 3134 981 3198 (habere
987 3135 1112 3197 possum).

614 3200 728 3248 —huiz
751 3199 804 3247 like
827 3201 883 3248 hem
907 3199 966 3262 (Ep.
987 3200 1066 3247 Xlll.
1086 3201 1111 3264 2)

615 3265 737 3314 confined
749 3273 777 3313 to
796 3266 935 3329 colloquial
955 3267 1046 3324 Latin;
1070 3266 1112 3324 cf,

614 3348 667 3395 eg,
687 3333 770 3380 Plaut.
794 3334 867 3380 Truc.
893 3335 1031 3395 29;·Rud.
1058 3347 1111 3397 154.

617 3399 667 3447 See
679 3399 735 3447 also
749 3398 811 3446 Intr.
820 3400 943 3461 92.—ad
955 3399 1039 3462 Alpis
1047 3414 1113 3449 ver·

616 3479 685 3514 sus:
701 3465 745 3513 the
763 3465 940 3514 combination
956 3467 1007 3513 od.
1022 3502 1027 3513 .
1041 3501 1046 3512 .
1058 3482 1112 3514 ucr-

615 3548 658 3578 sus
670 3546 761 3580 occurs
779 3532 805 3579 in
824 3533 928 3587 Caesar,
943 3532 1047 3589 Sallust,
1060 3532 1112 3581 and

616 3598 689 3661 Livy,
704 3597 751 3646 but
769 3598 859 3646 notin
880 3598 979 3646 Cicero.
1020 3599 1113 3647 Versus

614 3663 636 3713 is
661 3671 689 3712 to
712 3664 745 3712 be
769 3665 847 3712 taken
871 3663 1030 3729 adverbially
1050 3665 1111 3712 with

615 3730 660 3778 the
683 3731 850 3793 preposition.
899 3731 924 3778 It
950 3731 1112 3794 emphasizes

616 3797 661 3845 the
673 3796 808 3845 direction.
816 3825 850 3832 —
859 3796 914 3845 illi:
932 3796 974 3846 lor
985 3799 1040 3847 illic
1044 3814 1056 3856 ;
1069 3813 1112 3848 see
