2575 4200
198 269 248 320 208
537 273 706 321 crcnno’s
731 273 906 320 LETTERS.
1059 272 1243 338 [Ep.va11

200 437 382 500 sedetiam
409 459 450 502 ex
477 440 583 508 oculis
608 449 642 502 et
671 440 776 515 vultu,
803 461 845 502 ex
869 440 985 503 multis
1010 450 1192 523 praeterea
1215 443 1248 503 si·

199 546 285 627 gnis,
303 567 388 629 quae
404 547 534 610 facilius
555 548 746 629 perspicere
767 549 862 630 potui
883 570 984 631 quam
1010 548 1173 624 scribere,
1193 549 1248 611 hac
1273 596 1274 611 2

199 654 355 734 opinione
384 653 532 730 discessi,
557 665 595 718 ut
620 657 702 718 mihi
728 666 787 718 tua
811 656 901 719 salus
926 656 1029 719 dubia
1053 677 1123 718 non
1150 666 1246 719 esset.
1273 632 1274 645 ἵ

167 784 182 834 3
202 761 427 843 Quamobrem
452 763 505 825 iac
530 763 641 826 animo
666 784 788 846 magno
810 764 960 847 fortique
986 763 1033 826 sis
1058 773 1102 838 et,
1132 765 1163 826 si
1188 774 1248 826 tur-

200 870 372 932 bidissima
400 871 569 952 sapienter
596 871 739 947 ierebaS,
770 872 1003 955 tranquilliora
1030 872 1120 935 laete
1151 873 1246 935 feras.

202 979 404 1059 Ego-tamen
421 979 488 1041 tuis
514 980 614 1042 rebus
640 981 689 1042 sic
711 981 821 1055 ader0,
841 989 878 1042 ut
904 980 1121 1055 difficillimis,
1143 1001 1249 1062 neque

201 1085 337 1148 Caesari
367 1087 484 1161 solum,
515 1088 574 1150 sed
603 1088 705 1150 etiam
733 1088 850 1151 amicis
877 1089 949 1151 eius
975 1088 1148 1163 omnibuS,
1170 1110 1248 1171 quos

200 1194 282 1255 mihi
313 1195 534 1258 amicissimos
562 1216 638 1258 esse
670 1196 823 1278 cognovi,
854 1217 914 1278 pro
942 1205 987 1272 te,
1018 1195 1107 1260 sicut
1143 1196 1248 1260 adhuc

199 1302 274 1378 ieci,
293 1303 516 1366 libentissime
538 1304 742 1386 supplicabo.
766 1355 769 1362 .
790 1304 886 1368 Vale.

508 1545 655 1608 vau.
690 1545 794 1631 (Fam.
812 1565 844 1628 9.
867 1547 933 1628 15.)

559 1720 698 1768 CICERO
718 1719 839 1768 PAETO
859 1720 884 1769 S.

170 1877 180 1912 1
247 1852 387 1916 Duabus
403 1853 472 1915 tuis
495 1853 649 1935 epistulis
672 1855 893 1936 respondebo,
915 1854 1098 1938 uniquam
1122 1856 1248 1939 quadri·
1273 1884 1274 1917 r

200 1961 266 2023 duo
282 1969 361 2023 ante
377 1981 570 2042 acceperam
588 1983 606 2024 a
625 1963 741 2036 Zetho,
760 1962 857 2024 alteri
877 1982 976 2044 quam
994 1963 1158 2026 attulerat
1181 1964 1249 2025 Phi-

200 2068 286 2131 leros
299 2069 501 2133 tabellarius
542 2071 594 2133 Ex
607 2070 773 2151 prioribus
791 2070 859 2133 tuis
876 2069 999 2133 litteris
1014 2070 1167 2134 intellexi
1182 2091 1248 2154 per-

201 2159 328 2259 gratam
342 2178 402 2240 tibi
416 2198 490 2240 esse
504 2199 617 2241 curam
632 2199 740 2241 meam
753 2178 956 2242 valetudinis
970 2189 1058 2254 tuae,
1074 2201 1175 2263 quam
1191 2180 1249 2243 tibi

201 2295 409 2367 perspectam
433 2306 508 2349 esse
525 2288 655 2368 gaudeo
663 2307 671 2362 ;
696 2288 764 2362 sed,
783 2287 866 2370 mihi
889 2288 998 2363 crede,
1018 2308 1087 2351 non
1110 2289 1248 2369 perinde

201 2403 237 2457 ut
256 2403 307 2456 est
325 2414 442 2475 reapse
460 2415 500 2457 ex
517 2395 639 2458 litteris
658 2395 850 2477 perspicere
866 2395 1017 2476 potuisti.
1067 2396 1154 2458 Nam
1175 2417 1248 2459 cum

200 2523 220 2564 a
237 2503 317 2564 satis
340 2502 454 2565 multis
477 2507 556 2587 (non
582 2503 671 2565 enim
697 2523 833 2584 possum
858 2503 956 2565 aliter
980 2503 1105 2586 dicere)
1125 2513 1159 2565 et
1189 2504 1247 2567 coli

200 2630 254 2672 me
271 2610 400 2672 videam
418 2621 451 2673 et
469 2611 571 2692 diligi,
590 2631 690 2673 nemo
707 2620 759 2692 est
780 2610 911 2673 illorum
934 2612 1085 2673 omnium
1110 2612 1197 2673 mihi
1218 2622 1248 2673 te
1273 2689 1274 2696 ἵ

235 2768 348 2815 LXVII.
369 2769 461 2823 Rome,
473 2767 529 2815 first
546 2768 698 2832 intercalary
750 2769 811 2829 epra.
848 2769 879 2815 In
904 2768 1012 2816 Plautus
1035 2768 1099 2817 such
1119 2766 1207 2818 forms
1222 2784 1247 2816 as

201 2834 293 2882 mouth
317 2834 384 2881 aiter
409 2835 485 2890 Nov.,
504 2834 537 2893 46
555 2846 606 2882 uc.
627 2834 697 2897 (Oct.
749 2842 858 2896 eumpse,
870 2841 976 2895 eampse,
989 2833 1041 2882 and
1052 2842 1125 2896 eapse
1140 2850 1189 2884 are
1205 2844 1246 2883 not

201 2900 231 2948 of
247 2900 291 2948 the
309 2901 394 2960 Julian
413 2900 562 2963 calendar);
582 2916 626 2949 see
647 2902 695 2963 Ep.
751 2915 909 2949 uncommon
929 2900 972 2963 (cf.
995 2902 1068 2948 Trin.
1085 2915 1154 2963 9743
1175 2905 1246 2950 Pom.

203 2968 299 3015 LXVI.
312 2966 407 3014 introd.
422 2975 491 3015 note.
528 2968 580 3015 For
594 2969 697 3023 Paetus,
751 2980 806 3026 272,
820 2967 889 3029 etc).
923 2969 1021 3029 Reapse
1032 2982 1125 3015 occurs
1137 2969 1165 3015 in
1179 2983 1246 3016 some

201 3049 244 3081 see
258 3034 305 3095 Ep.
319 3034 391 3081 LXI.
404 3034 498 3081 introd.
512 3040 580 3081 note.
750 3033 800 3081 five
813 3049 843 3080 or
859 3033 899 3081 six
915 3033 991 3081 other
1008 3048 1135 3096 passages
1150 3036 1180 3081 in
1198 3036 1247 3083 Cic-

237 3115 257 3148 1.
277 3101 387 3149 Zethot
416 3100 542 3165 probably
571 3116 587 3148 a
615 3099 698 3149 freed·
750 3115 803 3156 ero,
816 3100 863 3147 but
881 3101 1035 3165 apparently
1052 3100 1078 3148 in
1096 3116 1178 3166 every
1194 3116 1246 3149 case

202 3175 504 3230 man—pergratam:
522 3166 555 3215 cf.
575 3168 638 3215 Intr.
657 3180 697 3227 77.
751 3166 844 3215 Cicero
862 3166 884 3214 is
902 3165 1027 3229 affecting
1046 3181 1080 3214 an
1097 3168 1206 3216 archaic
1222 3182 1246 3214 or

200 3234 314 3283 -rnihi
333 3234 435 3282 crede:
453 3249 497 3282 see
515 3234 564 3296 Ep.
578 3233 697 3281 XXVII.
750 3232 891 3296 colloquial
906 3233 1117 3281 tone-satis:
1132 3234 1245 3283 Wbliilin

205 3301 422 3363 1n.-perinde
441 3308 491 3349 ut:
510 3300 554 3348 the
566 3315 699 3363 compara·
752 3300 820 3362 (lat.
833 3316 858 3347 u.
871 3315 934 3348 rom.
947 3300 1137 3361 Comparation,
1148 3301 1195 3364 23)
1206 3302 1246 3348 has
1273 3325 1274 3330 =

201 3369 253 3416 tive
276 3368 385 3430 phrases
403 3368 513 3428 perinde
533 3374 569 3423 ut,
588 3368 699 3429 proinde
749 3366 841 3414 shown
853 3366 911 3414 that
922 3368 984 3413 satis
995 3366 1022 3413 in
1035 3367 1145 3414 Plautus
1160 3367 1244 3415 andin
1273 3395 1274 3406 κ

201 3452 230 3483 ac
244 3435 286 3498 (ci.
299 3436 373 3482 Fam.
394 3448 431 3481 10.
449 3448 487 3497 31.
502 3447 527 3492 ²3
546 3433 593 3495 Ep.
608 3433 697 3481 XCII.
749 3433 801 3481 late
816 3434 890 3481 Latin
901 3433 1052 3481 sometimes
1062 3432 1111 3481 has
1124 3433 1172 3481 the
1181 3434 1245 3482 force
1273 3451 1274 3458 ¹

203 3502 236 3565 2),
245 3501 356 3562 proinde
373 3507 403 3547 ut
415 3499 459 3562 (cf.
478 3502 548 3547 Fam.
567 3514 603 3547 10.
620 3514 644 3560 4.
661 3499 697 3562 4),
750 3499 779 3546 of
795 3501 876 3556 valde,
889 3498 942 3547 and
953 3499 1012 3546 that
1028 3497 1115 3546 would
1133 3514 1210 3548 seem
1224 3509 1245 3547 to
1273 3527 1274 3556 ;

201 3568 253 3616 and
272 3574 324 3629 pro
346 3582 374 3613 eo
396 3583 425 3613 oc
448 3567 506 3629 (Ep.
533 3568 642 3614 LXXV.
672 3566 696 3628 1)
749 3565 782 3613 be
794 3566 828 3614 its
840 3566 962 3628 meaning
974 3566 1042 3613 here.
1079 3564 1131 3623 cf,
1143 3566 1192 3614 for
1204 3566 1246 3614 this
1273 3561 1274 3622 l

202 3648 272 3682 seem
285 3642 313 3681 to
326 3632 359 3681 be
372 3632 455 3680 either
466 3632 531 3693 legal
545 3648 575 3679 or
587 3632 696 3680 archaic.
750 3633 878 3694 meaning,
899 3633 982 3680 Plaut.
1002 3632 1041 3679 M.
1061 3632 1090 3679 G.
1109 3632 1180 3694 918;
1195 3634 1245 3680 Ter.
1273 3633 1274 3686 l

203 3699 244 3746 Cf.
257 3700 379 3747 Palmer’s
389 3706 452 3745 note
462 3714 495 3745 on
507 3699 589 3745 Plaut.
600 3699 696 3759 Amph.
750 3700 819 3746 And.
832 3712 862 3759 47
868 3710 897 3761 5;
917 3698 971 3747 Cio
984 3699 1057 3745 Fam.
1073 3710 1112 3745 11.
1125 3711 1166 3746 10.
1182 3713 1213 3763 3,
1228 3698 1244 3744 b
1273 3695 1274 3740 l

202 3762 432 3828 685.—-reapse:
449 3764 492 3811 for
504 3781 532 3811 re
545 3772 615 3825 eapse
627 3785 659 3805 =
671 3780 699 3812 re
752 3777 790 3811 11.
804 3779 835 3829 33
850 3779 887 3812 10.
901 3778 929 3811 21
944 3777 968 3812 Α.

677 4038 821 4118 ,τις
