2575 4200
19 238 97 317 Fam.
111 250 135 297 7.
149 236 201 301 ap]

374 195 541 286 CICERO’s
566 237 741 285 LETTERS.
1046 233 1076 283 ll

20 404 90 467 iam
112 423 176 480 me,
192 422 262 467 non
280 404 385 467 multo
402 404 566 467 minorem
583 424 682 495 quam
702 403 864 478 Laelium,
876 400 976 465 facile
991 409 1027 465 et
1042 400 1077 463 in

23 532 60 574 re
77 532 108 594 p.
128 522 163 576 et
180 513 216 577 in
233 512 381 576 amicitia
397 512 591 575 adiunctum
610 532 685 575 esse
701 512 838 592 patiare.

385 787 443 852 IV.
480 789 583 874 (Fam.
604 803 634 868 7.
655 790 722 870 23.)

250 961 499 1010 creationi).
524 963 561 1010 u.
586 927 704 1011 andro
729 963 861 1011 canno.

75 1096 223 1159 Tantum
248 1096 337 1177 quod
362 1116 402 1158 ex
426 1084 585 1177 Arpinati
611 1116 768 1158 veneram
793 1116 869 1158 cum
894 1094 976 1157 mihi
1000 1116 1020 1157 a
1043 1104 1078 1158 te
1098 1117 1107 1151 ι

31 1202 161 1265 litterae
184 1201 334 1266 redditae
352 1214 441 1279 sunt,
459 1205 501 1266 ab
518 1205 703 1286 eodemque
719 1204 834 1284 accepi
851 1203 975 1265 Aviani
991 1202 1078 1265 litte-

19 1330 93 1385 .ras,
119 1311 154 1373 in
183 1311 305 1393 quibus
334 1311 397 1375 hoc
430 1311 537 1374 inerat
569 1311 851 1387 liberalissimum,
878 1312 1013 1375 nomina
1041 1331 1077 1373 se

34 1418 205 1494 iacturum,
233 1440 310 1482 cum
341 1420 502 1495 venisset,
529 1440 594 1502 qua
626 1440 690 1502 ego
722 1420 840 1482 vellem
874 1419 936 1483 die.
998 1421 1075 1493 Fac,

36 1546 163 1607 quaeso,
182 1526 240 1608 qui
258 1547 321 1609 ego
339 1548 422 1601 sum,
442 1548 517 1590 esse
534 1537 585 1591 te:
611 1538 708 1590 estne
726 1536 784 1590 aut
800 1528 850 1590 tui
867 1527 1003 1609 pudoris
1021 1536 1077 1590 aut

37 1634 137 1695 nostri
154 1634 299 1715 primum
316 1655 433 1716 rogare
450 1636 491 1697 de
509 1635 572 1711 die,
591 1636 714 1698 deinde
733 1636 808 1716 plus
833 1656 943 1698 annua
967 1644 1079 1717 postu-

37 1740 122 1803 lare?
170 1741 239 1805 Sed
273 1752 397 1817 essent,
424 1743 469 1806 mi
488 1743 592 1817 Galle,
622 1745 734 1807 omnia
766 1744 887 1819 facilia,
914 1745 942 1807 si
974 1753 1007 1806 et
1040 1764 1079 1805 ea

39 1859 197 1913 mercatus
220 1870 313 1913 esses
331 1836 416 1933 quae
433 1871 496 1932 ego
514 1852 753 1927 desiderabam,
773 1861 807 1914 et
829 1853 870 1915 ad
894 1823 968 1915 'eam
994 1873 1079 1914 sum-

39 1976 119 2019 mam
150 1979 249 2039 quam
281 1958 465 2035 volueram;
499 1982 537 2025 ac
570 1972 683 2024 tamen
717 1962 782 2023 ista
814 1961 895 2041 ipsa,
927 1980 1013 2042 quae
1044 1968 1079 2021 te

41 2065 152 2129 emisse
176 2066 305 2141 scribis,
332 2087 399 2130 non
426 2069 534 2133 solum
560 2079 631 2133 rata
656 2069 737 2132 mihi
764 2078 872 2144 erunt,
895 2069 953 2132 sed
977 2068 1078 2131 etiam

42 2183 139 2254 grata;
171 2175 270 2257 plane
295 2176 384 2238 enim
411 2178 570 2260 intellego
596 2188 630 2241 te
655 2179 847 2241 non'modo
872 2177 994 2251 studi0,
1021 2178 1079 2239 sed

44 2337 147 2388 Cicero’s
166 2341 296 2402 meaning,
316 2341 346 2388 de
365 2343 403 2388 Re
422 2340 485 2388 Pub.
506 2353 526 2386 1.

47 2404 72 2451 18
75 2407 129 2468 ficit
138 2407 205 2455 enim
219 2408 264 2455 hoc
282 2409 310 2455 in
329 2408 440 2454 amicitia
453 2407 529 2470 quasi

44 2475 155 2533 quoddam
180 2475 221 2520 ius
242 2475 308 2520 inter
330 2475 394 2529 illos,
415 2481 444 2521 ut
463 2474 527 2521 mili·

45 2541 87 2586 tiae
96 2547 196 2602 propter
207 2542 330 2587 eximiam
347 2541 407 2587 belli
415 2543 526 2602 gloriam

47 2606 65 2650 A
63 2607 187 2666 fricanum
197 2614 228 2654 nt
235 2609 310 2654 deum
319 2608 408 2654 coleret
415 2608 528 2664 Laelius,

46 2669 105 2717 domi
113 2673 220 2719 vicissim
234 2673 362 2728 Laelium,
372 2673 441 2734 quod
449 2668 537 2719 aetate¹

47 2739 188 2794 antecedebat,
210 2740 353 2787 observaret
368 2741 396 2784 in
410 2739 527 2799 parentii

48 2800 89 2874 loro
104 2805 384 2867 Scipio-Laelium:
400 2803 528 2851 attracted

48 2875 92 2914 nto
103 2885 151 2918 ace.
162 2872 196 2936 by
207 2887 265 2921 me.

77 2934 117 2983 lV.
140 2938 229 2996 Rome,
244 2939 275 2988 62
293 2951 343 2987 tac.
380 2941 415 2988 M.
430 2939 527 2988 Fadius

52 2997 127 3073 Gallus
145 3020 193 3054 was
214 3021 230 3054 a
247 3006 368 3069 persona]
391 3005 475 3054 friend
499 3006 529 3053 ol

51 3063 134 3125 ulcero,
151 3078 177 3118 to
194 3072 282 3120 whom
305 3073 338 3120 he
356 3082 436 3120 wrote
453 3075 526 3120 Fam.

52 3141 68 3187 7·
87 3147 165 3197 23-27.
208 3139 250 3186 Cf.
270 3141 343 3186 Fam.
370 3153 408 3203 13·
434 3152 465 3203 59
488 3141 526 3186 M.

53 3197 145 3273 Fadium
169 3206 242 3253 unice
270 3207 350 3268 diligo
377 3221 528 3269 summaque

53 3266 105 3337 noli
120 3285 171 3317 eum
192 3288 219 3320 eo
241 3275 391 3320 consuetudo
410 3279 434 3320 et
445 3273 527 3336 sami·

54 3328 137 3381 toritas
155 3345 189 3385 est
205 3345 333 3400 peruetus.
382 3339 423 3386 He
442 3355 494 3387 was
512 3353 528 3385 a

54 3407 101 3470 man
111 3401 138 3447 of
151 3404 246 3452 artistic
259 3403 310 3452 and
322 3404 425 3469 literary
436 3413 525 3454 tastes.

56 3459 106 3511 lake
121 3467 214 3526 Cicero,
227 3471 260 3518 he
273 3479 353 3518 wrote
365 3486 381 3518 a
393 3473 487 3536 eulogy
499 3471 528 3519 of

56 3525 116 3577 Cato.
147 3535 185 3583 Cf.
198 3538 246 3598 Ep.
260 3537 388 3584 LXXXI.
402 3552 423 3585 2.

84 3607 99 3639 1-
115 3605 221 3650 tantum
233 3604 325 3664 quod:
341 3604 488 3666 equivalent
498 3612 527 3653 to

56 3667 209 3736 commodum
237 3669 269 3716 cf.
293 3671 345 3716 An.
372 3683 409 3734 15.
436 3685 473 3734 13.
503 3683 525 3732 7.

57 3721 108 3775 This
128 3747 209 3796 usage,
227 3735 337 3798 perhaps
355 3751 371 3784 a
388 3737 526 3800 colloquial

583 2353 641 2396 one,
668 2338 775 2387 became
803 2336 1006 2399 comparatively
1033 2335 1081 2383 fre-

584 2414 664 2469 quent
677 2405 702 2452 in
715 2405 924 2466 post-Augustan
938 2418 1024 2465 prose,
1036 2419 1080 2464 eg.

584 2475 659 2520 navis
682 2472 874 2526 Alexandrina,
897 2485 962 2533 quae
980 2475 1079 2516 tantum

583 2540 653 2601 quod
666 2539 807 2600 appulerat,
830 2536 900 2583 Suet.
919 2537 985 2598 Aug.
999 2534 1076 2597 98.—

584 2605 732 2668 Arpinati:
768 2604 860 2651 Cicero
884 2601 1011 2651 inherited
1040 2601 1078 2657 hia

582 2672 643 2719 villa
661 2680 688 2719 at
707 2669 834 2732 Arpinum
851 2669 918 2716 from
937 2668 978 2716 his
994 2669 1077 2716 father

584 2738 623 2799 (de
635 2739 693 2800 Lag.
706 2741 770 2799 Agr.
784 2751 806 2800 3.
819 2735 854 2798 8).
886 2736 929 2783 He
941 2735 993 2783 had
1005 2735 1079 2784 fitted

582 2805 601 2852 it
620 2821 654 2871 up
672 2805 698 2851 in
717 2803 846 2850 imitation
865 2802 893 2849 ol
911 2802 955 2849 the
973 2803 1034 2849 villa
1051 2802 1081 2849 of

582 2872 687 2920 Atticus
699 2881 726 2920 at
742 2869 948 2917 Buthrotum-
956 2869 1079 2916 Aviani:

581 2953 609 2986 as
628 2939 673 2986 the
693 2939 783 3001 sequel
805 2935 899 2992 shows,
918 2936 1009 2983 Gallus
1027 2934 1080 2982 had
1102 2980 1106 2985 ,

581 3005 657 3052 made
677 3005 774 3054 certain
795 3002 936 3066 purchases
953 3002 983 3049 of
1003 3002 1080 3049 Avia-

580 3072 637 3120 nius
652 3073 695 3119 for
708 3073 809 3128 Cicero,
819 3069 871 3118 and
884 3069 1011 3116 Avianius
1020 3084 1079 3130 gen-

580 3139 684 3203 erously
696 3137 795 3186 offered
812 3146 839 3186 to
858 3136 933 3200 delay
944 3135 1079 3197 recording

580 3205 652 3253 them
665 3206 729 3253 until
746 3205 766 3252 it
785 3203 881 3252 should
898 3203 950 3251 suit
963 3202 1079 3250 Cicero's

579 3271 753 3320 convenience
770 3278 797 3319 to
817 3286 873 3335 pay.
909 3271 1024 3318 Nomina
1034 3270 1079 3331 fa-

579 3354 632 3385 cere
655 3338 678 3386 is
695 3353 711 3385 a
731 3337 894 3386 commercial
919 3336 1085 3399 expression‚·

579 3404 700 3466 meaning
712 3412 740 3452 to
750 3412 790 3452 set
803 3404 878 3451 down
889 3405 965 3451 items
974 3403 1003 3449 of
1015 3402 1077 3450 debt

578 3471 605 3518 in
618 3486 651 3518 an
664 3479 774 3519 account
787 3470 868 3518 book.
877 3499 910 3505 —
921 3484 1022 3532 rogare
1041 3470 1076 3517 de

579 3537 624 3584 die
652 3537 692 3599 (sc.
716 3536 872 3599 solutionis):
897 3545 940 3584 ‘to
964 3535 1011 3584 ask
1035 3536 1077 3583 for

579 3603 661 3651 credit
671 3604 677 3625 ’
689 3604 818 3666 (Tyrrell).
827 3615 975 3650 —annuat
986 3619 1018 3649 sc.
1028 3604 1076 3650 die.

578 3671 659 3718 —mi
673 3669 769 3719 Galle:
788 3669 820 3718 cf.
834 3671 872 3716 mi
882 3671 1014 3730 Pomponi,
1028 3670 1075 3732 Ep.

579 3737 604 3784 X
617 3751 641 3784 n.
