2575 4200
187 254 222 306 46
526 254 695 303 CICERO’S
721 254 893 303 LETTERS.

156 423 385 504 omagnitudo
418 422 566 502 postulet
600 420 779 503 intellegis.
835 422 887 483 De
919 441 956 484 re
988 421 1120 503 publica
1150 420 1216 481 nibil

190 531 297 593 habeo
329 530 370 592 ad
403 538 438 591 te
467 529 623 603 scribere,
653 529 717 592 nisi
746 550 915 592 summum
944 530 1057 591 odium
1085 528 1217 591 omniun

190 639 362 701 hominum
381 638 415 700 in
433 658 490 700 eos
508 638 565 719 qui
582 647 702 700 tenent
724 637 845 701 omnia.
897 638 1098 700 Mutationis
1123 646 1217 699 tamen
1266 654 1268 657 ’

190 767 268 828 spes
285 747 393 822 nulla;
418 746 487 821 sed,
506 747 595 828 quod
611 746 711 809 facile
728 746 864 821 sentias,
883 748 996 809 taedet
1015 747 1125 828 ipsum
1142 746 1219 807 Pom-

189 856 301 936 peium
326 855 612 937 vehementerque
641 854 801 936 paenitet.
852 854 933 916 Non
963 855 1122 935 provideo
1153 852 1219 915 satis

162 1016 164 1029 .
190 984 290 1045 quem
308 952 435 1026 exitum
455 963 607 1026 futurum
633 971 760 1045 putem,
780 963 839 1025 sed
864 972 956 1025 certe
973 963 1131 1024 videntur
1153 962 1220 1022 haec

119 1066 122 1071 ’
157 1104 170 1150 7
190 1072 300 1153 aliquo
323 1081 492 1153 eruptura.
543 1072 665 1135 Libros
683 1071 877 1145 Alexandri,
896 1071 1111 1152 neglegentis
1135 1068 1221 1131 homi·

191 1180 243 1241 nis
273 1188 306 1242 et
336 1201 403 1241 non
431 1180 513 1243 boni
537 1189 666 1262 poetae,
694 1180 754 1243 sed
778 1188 891 1241 tamen
917 1199 984 1241 non
1010 1178 1148 1251 inutilis,
1171 1174 1221 1237 tibi

191 1288 313 1351 remisi.
363 1288 562 1363 Numerium
581 1288 798 1350 Numestium
815 1288 960 1349 libenter
976 1287 1091 1367 accepi
1110 1286 1143 1348 in
1158 1283 1222 1347 ami-

192 1397 318 1472 citiam;
345 1406 378 1459 et
396 1397 727 1489 hominem'gravem
753 1406 786 1458 et
812 1397 1013 1477 prudentem
1038 1404 1073 1457 et
1098 1395 1221 1476 dignum

191 1514 250 1566 tua
266 1505 557 1567 commendatione
574 1504 726 1586 cognovi.

558 1730 619 1792 IX.
657 1729 741 1813 (Act.
761 1746 790 1792 2.
811 1730 879 1812 23.)

516 1886 656 1935 CICERO
681 1886 832 1967 ATTICO¹
846 1886 922 1934 SAL.
977 1910 984 1915 -

161 2052 170 2085 1
239 2021 430 2104 Numquam
448 2030 527 2083 ante
544 2020 688 2083 arbitror
707 2028 741 2082 te
767 2020 945 2102 epistulam
971 2040 1079 2082 meam
1104 2019 1223 2102 legisse,

192 2130 257 2192 nisi
290 2150 363 2192 mea
395 2150 496 2192 manu
529 2129 699 2211 scriptam.

761 2130 812 2192 Ex
831 2146 888 2191 =eo
921 2128 1079 2210 colligere
1110 2125 1224 2209 poteris

193 2247 318 2320 quanta
342 2238 563 2318 occupatione
586 2237 764 2314 distinear;
788 2258 875 2312 nam,
894 2258 970 2300 cum
990 2237 1088 2300 vacui
1112 2246 1225 2316 tempo·

192 2347 237 2409 ris
270 2346 352 2408 nihil
384 2347 541 2408 haberem
571 2355 607 2408 et
635 2367 711 2409 cum
743 2345 945 2409 recreandae
972 2345 1111 2408 voculae
1138 2362 1225 2407 causa

225 2487 247 2534 6.
267 2487 302 2534 de
322 2501 351 2535 re
370 2487 500 2549 publica:
525 2486 557 2534 cf.
572 2487 634 2534 intr.
648 2501 688 2550 91.

775 2501 796 2548 7.
816 2488 904 2535 libros
918 2487 1085 2535 Alexandri:
1104 2487 1129 2535 in
1145 2498 1172 2551 59
1184 2495 1225 2532 ae

192 2553 304 2601 —nihil
320 2555 413 2601 habeo
426 2555 461 2600 ad
479 2561 508 2600 te
526 2554 695 2611 scribere,I
741 2554 834 2602 Cicero
852 2569 904 2602 was
921 2563 948 2601 at
966 2554 1037 2601 work
1059 2569 1094 2601 on
1117 2553 1157 2601 his
1175 2552 1226 2600 Cho

192 2621 256 2666 hove
268 2621 375 2681 nothing
384 2626 407 2666 to
420 2622 493 2666 wri'te
500 2636 560 2681 you.
583 2620 623 2667 Cf.
635 2620 688 2667 Cic.

194 2693 246 2746 pro
268 2687 341 2733 Bolb.
365 2700 398 2748 33
422 2687 486 2748 quid
510 2687 584 2734 hahes
610 2688 691 2748 egitur

192 2754 273 2800 dicere
292 2753 321 2799 de
343 2754 469 2800 Gaditano
481 2753 689 2816 foedere—qui

192 2826 292 2867 tenent
307 2819 414 2866 omnia:
436 2821 472 2865 ie.
489 2819 532 2867 the
551 2819 688 2867 triumvirs.

192 2899 291 2933 -non
310 2885 446 2947 provideo
466 2887 547 2943 satis,
561 2895 620 2934 etc:
639 2886 689 2934 col·

191 2951 290 3015 l'oquial
308 2950 349 2997 ior
362 2967 413 2998 nou
425 2954 547 3012 provideo
564 2954 626 3000 sotir
644 2954 691 3014 qui

192 3020 275 3066 eximes
295 3018 409 3080 futurus
441 3020 479 3064 sit.
533 3018 602 3066 Such
626 3019 689 3081 peri-

192 3084 298 3146 phrases
328 3099 406 3131 occur
440 3093 510 3132 most
542 3084 690 3148 frequently

192 3151 259 3198 aiter
271 3151 359 3208 dicere,
372 3153 503 3208 arbitrari,
517 3153 623 3208 credere,
637 3152 689 3200 and

194 3218 351 3278 praedicare.
398 3217 472 3281 They
495 3233 538 3265 are
562 3234 623 3282 very
642 3219 690 3266 ire·

192 3293 272 3348 quent
279 3284 305 3331 in
315 3284 391 3331 Latin
402 3284 517 3348 comedy,
524 3300 553 3332 as
562 3286 607 3332 sed
605 3285 688 3347 finem

193 3352 254 3414 fore
282 3367 355 3414 quem
379 3352 462 3398 dicum
493 3353 578 3407 neseio,
606 3352 688 3399 Plaut.

197 3419 269 3464 Tre'n.
284 3432 308 3474 2;
326 3417 370 3465 scd
385 3419 426 3465 dic
443 3424 526 3464 tamen
545 3420 613 3466 urede
630 3435 690 3465 onu-

191 3491 254 3531 stam
277 3485 377 3532 celocem
401 3500 473 3548 agere
495 3491 518 3531 te
535 3487 688 3546 praedicem,

193 3551 276 3598 Plaut.
298 3552 389 3598 Pseud.
417 3549 490 3613 1306;
517 3553 687 3599 inimiciorem

192 3633 260 3663 nune
281 3625 370 3666 utrum
392 3619 491 3666 credam
516 3620 598 3679 magis
620 3621 689 3667 sodo·

191 3683 274 3728 lemne
285 3700 335 3730 esse
346 3700 381 3730 an
393 3684 554 3741 Bacchidem,
563 3686 688 3732 incertum

191 3749 358 3805 admodumst,
382 3751 463 3797 Plaut.
484 3751 576 3799 Bacch.
600 3763 647 3814 500
670 3750 688 3796 f.

742 2621 887 2683 ecgraphio,
906 2635 922 2667 a
940 2621 1044 2669 treatise
1069 2636 1139 2683 upon
1161 2631 1226 2681 geog-

741 2687 822 2751 raphy
842 2687 884 2750 (cf.
909 2689 963 2734 Au.
982 2701 1004 2735 2.
1026 2702 1049 2746 4.
1073 2701 1102 2750 33
1127 2685 1225 2740 2.6.1;

742 2767 764 2799 2.
778 2767 800 2814 7.
820 2753 852 2816 ι),
871 2753 923 2800 and
940 2754 1046 2802 Atticus
1064 2752 1117 2801 had
1134 2761 1189 2802 sent
1204 2759 1225 2797 to

741 2819 795 2867 him
811 2835 827 2867 a
843 2836 920 2882 poem
940 2836 1011 2882 upon
1029 2819 1074 2868 the
1091 2835 1163 2868 same
1179 2816 1226 2866 sub
1266 2841 1268 2844 >

740 2885 800 2949 ject‚
809 2887 910 2934 written
919 2886 954 2950 by
963 2886 1112 2934 Alexander
1119 2886 1147 2934 oi
1156 2885 1226 2946 Ephe
1266 2914 1268 2925 .

740 2968 784 3000 sos
804 2953 868 3014 (Art.
884 2968 905 3000 2.
921 2967 965 3000 zoi
973 2953 1008 3015 6).
1018 2982 1051 2988 —
1065 2952 1225 3003 Numerium

742 3019 948 3068 Numestium:
980 3018 1179 3068 recommended
1204 3026 1225 3064 to

741 3085 833 3133 Cicero
846 3085 880 3149 by
890 3086 1009 3144 Atticus;
1027 3086 1059 3134 cf.
1070 3089 1124 3134 Ate.
1134 3101 1155 3134 2.
1166 3100 1200 3132 20.
1211 3096 1225 3128 1.

775 3152 823 3200 IX.
849 3153 941 3209 Rome,
959 3154 1029 3215 Aug.
1054 3169 1084 3200 or
1109 3154 1185 3215 Sept,
1203 3162 1227 3213 59

742 3231 791 3266 uc.

1086 253 1168 317 ¹[Ep.
1181 254 1214 299 nr
1266 265 1267 268 ¹

777 3300 798 3332 1.
816 3286 873 3334 nisi
894 3301 959 3334 mea
981 3301 1068 3335 manu
1091 3287 1226 3349 scriptam:
1266 3306 1268 3343 2

741 3351 773 3400 cf.
794 3354 856 3399 Intr.
877 3351 960 3413 64-
977 3361 1085 3415 quanta
1114 3365 1226 3414 occupa·

740 3419 819 3467 tione
851 3420 1005 3468 distineat:
1035 3419 1076 3468 his
1111 3419 1226 3467 attention

741 3501 793 3533 was
805 3487 881 3548 given
894 3495 921 3534 to
939 3486 1112 3549 professional
1131 3494 1225 3533 matters
1266 3498 1267 3521 r

740 3553 827 3600 rather
845 3553 907 3601 than
926 3562 954 3601 to
972 3553 1089 3615 politics3
1118 3553 1150 3600 cf.
1170 3566 1190 3615 3.
1201 3575 1225 3584 α

740 3620 875 3667 voculae:
900 3619 932 3666 cf.
952 3621 1108 3680 pulchellus,
1133 3620 1179 3680 Ep.
1201 3615 1224 3661 V·

1266 3526 1268 3556 l

743 3699 773 3732 10
785 3701 809 3740 n,
822 3685 873 3732 and
890 3688 999 3742 voculas,
1013 3687 1061 3748 Ep.
1076 3686 1120 3732 LI.
1139 3699 1152 3732 2
1170 3700 1225 3732 ιι-
1266 3694 1268 3741 !

740 3752 899 3800 ambulare:
925 3751 1081 3812 Quintilian,
1100 3765 1137 3799 11.
1156 3765 1177 3816 3.
1196 3760 1223 3812 ¹9·
