2575 4200
391 275 559 328 CICERO'S
585 279 758 328 LETTERS.

39 279 126 327 Fam.
139 276 164 328 o
176 277 214 344 6.]
1054 279 1102 328 203

38 444 242 509 sollistimis
258 454 315 510 aut
330 445 468 509 soniviis
480 445 543 510 tibi
559 467 714 528 auguror,
729 446 790 510 sed
806 447 914 511 habeo
927 445 990 511 alia
1007 446 1103 529 signa

38 575 139 636 quae
157 554 349 631 observem;
371 573 456 636 quae
474 554 539 617 etsi
556 574 623 617 non
641 564 720 617 sunt
738 555 881 618 certiora
897 554 973 629 illis,
992 555 1102 618 minus

37 672 168 725 tamen
201 662 327 725 habent
351 662 404 724 vel
429 661 645 726 obscuritatis
670 663 722 726 vel
749 662 879 726 erroris.
931 664 1135 728 Notantur8

38 780 168 834 autem
194 769 276 832 mihi
300 771 342 833 ad
366 769 583 833 divinandum
608 770 705 852 signa
729 770 854 851 duplici
879 771 1021 852 quadam
1037 771 1099 846 via,

38 899 195 960 quarum
212 877 351 942 alteram
367 878 454 941 duco
471 897 490 940 e
508 877 652 941 Caesare
669 878 753 960 ipso,
770 877 908 941 aiteram
934 899 953 941 e
976 887 1103 961 tempo

39 1009 126 1049 rum
153 985 302 1050 civilium
328 996 447 1049 natura
470 995 571 1068 atque
596 985 734 1049 ratione.
785 985 825 1048 In
852 986 996 1050 Caesare
1020 987 1102 1050 haec

39 1103 153 1158 sunt:
179 1093 270 1157 mitis
287 1094 501 1176 clemensque
518 1104 647 1170 natura,
666 1093 773 1176 qualis
796 1094 994 1177 exprimitur
1011 1115 1103 1177 prae-

41 1203 143 1266 claro
170 1202 226 1266 illo
252 1183 621 1286 librol‘Querelarum’
648 1212 792 1266 tuarum.
842 1202 987 1266 Accedit
1013 1204 1102 1285 quod

41 1311 194 1374 mirifice
211 1310 356 1393 ingeniis
374 1309 627 1386 excellentibus,
644 1311 743 1393 quale
760 1320 813 1374 est
835 1320 941 1386 tuum,
960 1310 1102 1375 delecta-

41 1429 117 1483 tur.
171 1419 347 1482 Praeterea
363 1419 451 1481 cedit
469 1419 650 1482 multorum
674 1419 772 1482 iustis
798 1428 831 1482 et
857 1419 966 1482 officio
991 1419 1102 1483 incen-
1144 1436 1153 1450 ·

43 1528 116 1603 sis„
138 1547 207 1590 non
231 1527 388 1590 inanibus
413 1537 470 1590 aut
495 1527 683 1590 ambitiosis
708 1526 949 1602 voluntatibus,
977 1527 1011 1590 in
1035 1549 1101 1610 quo

40 1637 272 1699 vehementer
299 1655 376 1699 eum
405 1635 622 1698 consentiens
651 1635 788 1697 Etruria
815 1635 971 1699 movebit.
1033 1636 1135 1710 Curq

41 1745 135 1807 haec
154 1743 257 1826 igitur
272 1743 381 1807 adhuc
398 1764 515 1826 parum
532 1743 772 1826 profecerunt?
815 1743 904 1826 Quia
919 1764 987 1806 non
1004 1753 1099 1826 putat

43 1873 85 1915 se
104 1851 276 1915 sustinere
293 1853 412 1915 causas
429 1871 529 1933 posse
546 1852 738 1926 multorum,
757 1851 786 1914 si
810 1851 882 1926 tibi,
901 1851 955 1915 cui
979 1851 1100 1915 iustius

42 1961 187 2023 videtur
214 1960 311 2024 irasci
339 1980 448 2042 posse,
477 1960 693 2024 concesserit.
748 1959 866 2042 ‘Quae
894 1969 945 2022 est
962 1959 1097 2042 ¹igitur,'
1140 1985 1145 1992 ·

43 2068 196 2153 inquies
216 2081 312 2152 ‘spes
329 2070 371 2132 ab
388 2065 513 2132 irato?'
555 2068 693 2143 ¹Eodem
717 2068 814 2132 fonte
839 2088 876 2132 se
900 2067 1098 2132 hausturum

43 2178 228 2260 intelleget
268 2177 382 2241 laudes
423 2198 500 2241 suas
533 2198 552 2241 e
583 2198 651 2260 quo
683 2177 727 2240 sit
759 2177 879 2241 leviter
908 2178 1096 2258 adspersus

43 2288 227 2350 Postremo
243 2280 343 2349 homo
359 2286 454 2349 valde
472 2294 523 2349 est
540 2294 659 2350 acutus
680 2295 714 2348 et
739 2285 880 2347 multum
905 2285 1099 2367 providens:

43 2395 220 2477 intellegit
246 2404 290 2469 te,
317 2394 487 2457 hominem
519 2394 553 2456 in
582 2403 678 2475 parte
711 2393 829 2456 ltaliae
857 2393 994 2455 minime
1023 2413 1099 2456 con-

42 2504 235 2566 temnenda
251 2502 350 2565 facile
366 2500 516 2565 omnium
541 2501 788 2565 nobilissimum
811 2511 845 2564 et
870 2502 904 2564 in
929 2503 1098 2565 communi

44 2633 84 2674 re
116 2632 148 2693 p.
177 2612 282 2674 cuivis
311 2630 516 2673 summorum
546 2619 624 2673 tuae
652 2609 773 2672 aetatis
800 2609 853 2672 vel
882 2609 1019 2692 ingenio
1045 2609 1097 2672 vel
1156 2679 1159 2685 ,

603 2766 747 2816 Billerbeck
770 2768 893 2816 surmises
920 2767 977 2816 that
1002 2768 1022 2815 it
1045 2784 1098 2816 was

601 2833 698 2882 similar
727 2842 755 2882 to
785 2834 876 2883 Ovid's
911 2835 1013 2881 Tristia.
1055 2836 1096 2883 On

45 2771 124 2819 Serv.
146 2784 182 2818 on
203 2769 280 2831 Verg.
302 2770 365 2816 Aen.
383 2783 405 2832 3.
427 2767 483 2832 361.
519 2769 550 2816 In

45 2836 145 2898 taking
175 2835 219 2883 the
248 2836 373 2897 auspices
397 2835 442 2883 the
468 2850 551 2897 augur

43 2902 129 2951 faced
151 2902 238 2959 south,
262 2900 313 2950 and
337 2901 381 2949 the
399 2910 464 2959 east,
481 2902 550 2949 from

45 2968 136 3017 which
172 2968 305 3016 favorable
342 2983 434 3016 omens
468 2982 548 3023 came,

44 3034 141 3083 would
157 3034 189 3082 be
207 3042 234 3082 to
252 3034 293 3083 his
310 3034 358 3083 left
372 3034 550 3098 (sinistra).-

45 3102 198 3150 involatu:
210 3101 243 3149 cf.
256 3103 375 3157 invitatu,
387 3101 434 3163 Ep.
445 3101 522 3148 XXI.
534 3113 547 3147 2

46 3184 73 3216 n.
82 3168 157 3215 -in
167 3175 266 3216 nostra
276 3168 427 3231 disciplina
437 3184 442 3213 :
456 3167 548 3215 Cicero

44 3235 159 3283 became
171 3249 204 3281 an
216 3249 298 3295 augur
309 3234 335 3281 in
350 3247 380 3298 53
394 3245 443 3281 nc.
453 3262 486 3269 -
494 3246 548 3281 nec

46 3339 53 3350 .
68 3337 76 3350 .
88 3336 95 3350 .
105 3300 238 3350 soniviis:
247 3301 268 3348 il
276 3300 320 3349 the
328 3299 418 3349 sacred
426 3300 548 3348 chickens

46 3377 93 3416 ate
113 3368 158 3415 the
179 3368 252 3429 pulse
275 3383 306 3415 so
330 3366 430 3430 rapidly
453 3367 511 3414 that
533 3380 549 3413 a

46 3442 109 3498 part
128 3434 157 3481 of
173 3433 193 3481 it
211 3433 255 3480 fell
272 3442 300 3480 to
319 3433 363 3482 the
381 3432 490 3495 ground,
504 3432 549 3479 the

47 3501 171 3563 auspices
189 3515 254 3547 were
274 3499 414 3547 favorable.

83 3568 108 3615 8.
120 3566 320 3629 Querelarum:
329 3565 464 3620 Caecina’s
474 3566 549 3613 Liber

50 3634 222 3694 Querelorum
237 3648 287 3679 was
304 3632 435 3696 evidently
446 3647 462 3680 a
477 3630 548 3679 book

49 3700 267 3763 complimentary
291 3706 318 3745 to
348 3699 452 3755 Cacsar,
467 3697 548 3746 which

49 3766 167 3816 Caecina
194 3772 274 3813 wrote
305 3764 380 3813 while
414 3766 440 3812 in
476 3764 548 3813 exile.

602 2901 722 2948 Caesar’s
740 2901 878 2964 clemency,
896 2900 929 2948 cf.
956 2901 1026 2948 Suet.
1045 2903 1096 2948 lul.

602 2980 632 3030 75
657 2966 709 3014 and
734 2968 854 3016 Caesar's
878 2982 935 3014 own
961 2966 1045 3015 words
1069 2975 1097 3015 to

601 3033 694 3081 Cicero
715 3033 777 3094 (Art.
790 3047 813 3096 9.
829 3033 866 3081 16.
880 3033 923 3095 al:
942 3040 1004 3081 recte
1020 3048 1098 3096 augu-

600 3101 671 3147 raris
683 3101 713 3147 de
725 3116 802 3147 me-
810 3100 868 3147 bene
878 3102 946 3146 enim
960 3101 1008 3147 tibi
1016 3102 1097 3161 cogni-

599 3172 640 3213 tus
649 3182 704 3213 rum
713 3194 746 3201 —
755 3166 825 3213 nihil
831 3183 847 3213 a
857 3183 896 3213 me
904 3166 986 3213 abesse
996 3168 1098 3227 longius

598 3232 986 3280 crudelitate-consentiens
1010 3233 1097 3281 Etru-

599 3299 659 3346 ria:
682 3299 791 3356 Etruria,
810 3314 839 3346 as
858 3298 992 3346 Caecina's
1010 3298 1097 3345 native

599 3366 729 3427 province,
749 3364 836 3413 would
854 3365 930 3412 favor
950 3364 990 3413 his
1011 3365 1095 3411 recall.

632 3445 656 3493 9.
674 3431 776 3479 leviter
796 3432 965 3493 adspersus:
987 3431 1015 3478 in
1034 3432 1096 3478 Cae-

599 3497 679 3545 cina's
688 3497 743 3545 first
756 3498 872 3560 political
885 3497 1026 3559 pamphlet.
1054 3496 1095 3544 Cf.

598 3563 694 3612 introd.
712 3573 782 3612 note.
818 3565 858 3612 To
876 3578 1021 3625 encourage
1034 3564 1097 3611 Cae

600 3632 665 3688 cina,
684 3630 777 3679 Cicero
798 3631 941 3679 minimizes
964 3630 1009 3678 the
1032 3630 1097 3677 viru-

599 3697 673 3745 lence
702 3697 731 3744 of
756 3696 796 3745 his
820 3696 908 3744 attach
933 3711 967 3743 on
992 3697 1096 3744 Caesar.

601 3763 743 3813 Suetonius
754 3763 817 3826 (lul.
828 3776 841 3823 7
847 3761 878 3826 5),
889 3762 1018 3821 however,
1027 3762 1097 3811 char-
