2575 4200
35 237 115 284 Fam.
132 251 158 298 7.
176 236 231 301 18.]
399 237 566 284 CICERO’S
593 238 766 285 LETTERS.
1058 235 1105 286 103

34 414 142 468 tuum
162 405 353 468 discessum
370 425 391 468 a
407 405 501 466 nobis
518 404 671 466 futurum
689 415 796 486 putes.
848 406 905 468 Sic
930 406 1019 467 enim
1044 405 1105 467 tibi
1123 439 1139 484 4

34 515 257 594 persuadeas
268 513 376 586 velim,
390 533 493 575 unum
506 512 587 575 mihi
600 533 674 575 esse
688 513 848 576 solacium
859 533 961 595 quare
974 513 1105 576 facilius

33 622 181 703 possim
199 621 268 703 pati
282 630 317 683 te
330 640 405 684 esse
422 620 495 683 sine
508 620 614 694 nobis,
630 620 658 683 si
671 621 733 683 tibi
746 641 821 684 esse
834 621 866 683 id
880 621 1104 686 emolumento

36 731 177 806 sciam;
210 730 261 792 sin
286 738 398 792 autem
424 729 456 791 id
481 748 548 791 non
574 738 635 803 est,
664 729 745 790 nihil
770 730 900 792 duobus
928 731 1025 794 nobis
1054 741 1104 795 est

36 838 202 912 stultiuS,
225 858 278 900 me
303 837 360 919 qui
383 847 418 900 te
443 857 510 900 non
537 837 678 901 Romam
704 839 879 914 attraham,
898 849 933 901 te
957 839 1104 921 quinon

36 949 108 1010 huc
129 946 283 1010 advoles.
332 946 409 1008 Vna
425 946 572 1010 mercule
589 956 704 1009 nostra
720 947 773 1010 vel
794 967 909 1010 severa
924 947 977 1009 vel
995 947 1106 1010 iocosa

37 1054 251 1136 congressio
268 1053 371 1136 pluris
390 1054 451 1118 erit
468 1075 566 1136 quam
584 1076 652 1118 non
670 1056 768 1118 modo
785 1056 911 1130 hostes,
930 1056 1105 1119 sedetiam

38 1164 179 1226 fratres
198 1163 302 1225 nostri
322 1163 442 1226 Aedui.
494 1163 606 1244 Quare
627 1164 782 1227 omnibus
799 1164 841 1226 de
866 1165 965 1227 rebus
989 1164 1043 1227 fac
1068 1173 1104 1227 ut

38 1293 152 1354 quam
171 1271 315 1354 primum
333 1270 450 1333 sciam:

264 1411 323 1463 Aut
336 1409 509 1464 consolando
523 1419 571 1464 aut
584 1411 702 1464 consilio
715 1420 764 1465 aut
776 1428 806 1465 re
819 1412 904 1466 luero.

365 1625 495 1690 xxvr.
548 1626 653 1710 (Fam.
680 1640 709 1704 7.
736 1577 799 1709 ra.)

380 1793 520 1842 crosno
545 1759 734 1842 TREllATIO
759 1794 785 1842 s.

93 1928 234 2010 Accepi
250 1949 271 1992 a
289 1938 323 1991 te
348 1927 473 2010 aliquot
500 1927 662 2008 epistulas
686 1948 754 1990 uno
778 1937 941 2010 tempore,
959 1950 1042 2011 quas
1067 1939 1105 1992 tu
1127 1955 1137 1989 1

44 2037 199 2103 diversis
233 2036 440 2119 temporibus
474 2036 621 2099 dederas.
679 2036 718 2098 ln
752 2037 875 2119 quibus
908 2057 963 2099 me
994 2047 1106 2100 cetera

44 2148 285 2222 delectarunt;
310 2145 544 2227 significabant
563 2145 653 2207 enim
678 2155 713 2207 te
739 2145 838 2207 istam
864 2146 1015 2208 militiam
1041 2146 1104 2209 iam

44 2257 150 2317 firmo
169 2253 282 2316 animo
297 2253 385 2315 ferre
402 2262 436 2315 et
454 2272 529 2316 esse
545 2253 670 2315 fortem
688 2253 795 2315 virum
818 2264 851 2315 et
873 2264 1105 2331 constantem;

45 2385 139 2447 quae
158 2384 225 2445 ego
246 2360 415 2443 paulisper
439 2361 473 2422 in
497 2370 532 2423 te
557 2361 604 2422 ita
628 2361 824 2435 desideravi,
844 2381 911 2424 non
936 2362 1105 2425 imbecilli-

45 2483 122 2535 tate
140 2470 248 2534 animi
259 2470 323 2544 tui,
339 2470 399 2532 sed
416 2469 523 2550 magis
541 2477 578 2530 ut
592 2455 759 2531 desiderio
777 2469 884 2531 nostri
902 2479 936 2532 te
952 2479 1105 2533 aestuare

46 2591 223 2661 putarem.
273 2579 386 2660 Quare
403 2597 515 2659 perge,
534 2586 572 2638 ut
590 2576 747 2657 coepisti,
771 2577 850 2640 forti
871 2578 981 2640 animo
1007 2578 1104 2641 istam

2 2734 10 2758 η,
46 2689 164 2750 tolera
189 2686 350 2750 militiam.
417 2686 535 2759 Multa,
564 2684 643 2746 mihi
676 2686 783 2760 crede,
812 2686 1008 2768 adsequere;
1042 2708 1105 2768 ego

4 2800 6 2828 ³
46 2796 145 2857 enim
182 2795 348 2856 renovabo
381 2792 717 2868 commendationem,
744 2795 804 2856 sed
837 2804 998 2875 tempore.
1049 2795 1105 2858 Sic

2 2949 4 2953 ’
86 2956 110 2999 4.
131 2938 218 2989 nihil:
231 2946 349 3002 stronger
361 2939 423 2988 than
437 2956 558 2988 nema-
610 2939 657 3002 ing
690 2929 772 2987 such¹
790 2936 1003 3000 complimentary
1036 2936 1106 2984 titles

51 3007 190 3056 advoles:
205 3007 312 3062 Lorenz,
325 3022 359 3054 on
373 3006 455 3054 Plaut.
465 3008 557 3054 Pseud.
612 3022 682 3069 upon
712 3012 810 3053 remote
835 3003 993 3059 barbarians,
1018 3003 1106 3050 whose

52 3087 111 3139 535,
125 3088 199 3137 says:
218 3072 275 3122 The
296 3072 398 3121 Roman
410 3089 492 3121 sermo
503 3075 557 3121 cori·
612 3069 823 3121 ‘brotherhood’
835 3069 880 3117 did
892 3077 938 3118 not
956 3069 1023 3131 keep
1035 3070 1106 3117 them

2 3152 8 3171 ³
49 3144 154 3190 dianus
161 3138 214 3187 had
224 3154 240 3186 a
247 3140 307 3187 host
316 3138 345 3187 of
353 3138 508 3187 substitutes
515 3138 557 3187 for
609 3138 677 3186 from
689 3139 811 3201 frequent
820 3136 952 3200 treachery
960 3135 1012 3183 and
1021 3134 1107 3183 insub

3 3220 5 3238 ³
50 3205 555 3269 e'reandabire,eg.ambulore,seagere,
610 3205 765 3253 ordination.
797 3204 854 3251 The
866 3211 940 3265 grant
953 3202 982 3250 of
994 3203 1038 3250 the
1051 3201 1106 3249 title

49 3291 76 3322 se
90 3280 239 3336 penetrare,
252 3288 277 3318 se
293 3273 401 3335 adferre,
415 3274 519 3329 sedare,
532 3288 557 3319 se
609 3271 630 3319 is
644 3270 793 3320 mentioned
812 3272 837 3318 in
853 3270 928 3317 Caes.
941 3270 972 3316 B.
989 3270 1017 3315 G.
1032 3282 1052 3315 1.
1066 3281 1105 3331 33.

50 3343 214 3402 immergere,
233 3355 257 3385 se
274 3340 370 3395 ducere,
389 3355 414 3385 se
433 3340 555 3401 abripere,
597 3339 683 3386 With
697 3338 741 3386 the
753 3338 900 3394 sentiment,
909 3336 941 3385 cl.
951 3338 1023 3383 Fam.
1034 3349 1056 3395 7.
1069 3348 1105 3381 11.

8 3410 10 3413 ’
49 3416 103 3455 etc.
143 3405 213 3454 Such
226 3404 380 3453 substitutes
396 3420 425 3452 as
437 3406 557 3453 advolare
610 3418 623 3451 2
648 3422 701 3453 una
725 3407 834 3452 mercule
863 3404 997 3452 conlocutio
1020 3409 1106 3450 nostra

10 3490 19 3503 ³
51 3472 107 3520 and
126 3473 261 3519 convolare
278 3486 321 3519 are
342 3472 452 3533 especial
472 3471 556 3519 favor·
603 3472 696 3532 pluris
717 3473 767 3518 erit
787 3487 863 3533 quam
889 3487 973 3518 omnes
990 3471 1107 3517 Samara

1 3535 13 3577 ’τι
51 3540 113 3595 ites‚
126 3538 240 3587 because
253 3537 282 3584 of
297 3538 362 3585 their
375 3539 556 3601 exaggerative
608 3538 701 3585 brivae.
710 3566 742 3571 —
752 3545 880 3594 aut,etc.:
899 3538 957 3585 Ter.
966 3538 1058 3584 Heaut.
1066 3535 1106 3583 86.

11 3610 12 3615 ’
51 3606 198 3654 character.
235 3604 276 3652 Cf.
295 3606 348 3652 Ate.
371 3618 390 3651 ι.
407 3618 443 3664 14.
459 3619 486 3667 5;
507 3606 555 3665 Ep.
643 3604 746 3652 XXVI.
789 3603 891 3651 Avilla
904 3618 966 3651 near
983 3602 1106 3658 Ulubrae,

2 3689 17 3713 :v
53 3672 157 3720 LXIX.
171 3670 338 3718 r.-lratres
349 3671 439 3719 nostri
450 3670 555 3719 Aedui:
610 3671 684 3732 April
703 3671 726 3726 8,
742 3682 771 3733 53
790 3682 839 3716 nc.

52 3754 70 3786 a
80 3739 167 3787 thrust
178 3744 205 3785 at
215 3736 260 3783 the
270 3735 404 3801 absurdity
411 3736 440 3784 of
448 3736 555 3785 bestow-
646 3751 666 3784 1.
680 3737 722 3784 sic
734 3737 851 3784 habeto:
862 3735 914 3783 like
924 3738 982 3783 scito
991 3735 1034 3797 (cf.
1044 3736 1104 3784 Intr.
