2575 4200
1097 203 1101 211 ι
1227 175 1231 202 l

185 249 236 306 300
511 256 690 307 CRITICAL
714 261 914 311 APPENDIX.
1228 205 1235 396 ἰ

269 417 298 464 C.
312 418 340 465 F.
355 419 497 469 Hermann.
546 423 595 473 See
608 425 685 473 Com·
709 430 712 496 l

267 492 393 550 mentary.

234 550 375 601 sollicitus
399 568 465 602 sum
488 557 516 603 M
561 558 684 607 sollicitus

265 618 313 665 sim
327 621 477 685 commonly
488 622 599 684 printed.
633 624 682 673 See

267 684 459 751 Commentary.

232 750 365 800 derideas
396 753 425 800 M
482 770 534 802 non
566 758 683 807 derideas

266 818 429 881 Wesenberg

199 890 329 933 atamen
342 886 419 948 quod
430 887 592 953 Wesenberg
624 899 679 939 tum

263 967 340 1013 quam
356 953 383 999 M

230 1017 279 1079 qui
291 1020 379 1079 queM

229 1097 306 1132 nunc
320 1098 385 1135 cum
399 1087 472 1137 VIII
492 1088 679 1140 Mendelssohn

263 1166 325 1198 num
340 1152 369 1199 M

230 1217 345 1266 Venere
366 1229 526 1282 prognatus
548 1223 678 1274 Victorius

261 1298 375 1331 venerem
383 1292 564 1349 propugnatur
576 1292 604 1337 M

231 1349 361 1399 Psacade
382 1361 469 1402 natus
489 1355 678 1406 Mendelssohn

261 1418 316 1477 ipsa
339 1419 476 1467 cadenatus
500 1423 528 1469 M
570 1425 678 1472 Psecade

262 1490 338 1530 natus
351 1485 533 1548 Pantagathus
545 1490 597 1537 and
609 1506 677 1538 com-

262 1550 350 1615 monly
372 1552 483 1614 printed.
526 1554 575 1603 See
599 1557 677 1605 Com-

261 1624 386 1681 mentary.
486 1642 488 1648 ¹

226 1765 278 1817 Er.
293 1755 393 1819 xcix
408 1770 487 1839 (Ate.
501 1785 527 1839 9.
545 1786 574 1823 11
593 1774 628 1844 A)

194 1904 284 1953 3me‚
309 1899 338 1939 et
367 1894 448 1955 pacis
464 1903 501 1943 ‘et
524 1898 675 1962 utrIusque

262 1958 288 2004 M
322 1974 362 2006 mc
374 1975 388 2006 e
393 1964 486 2021 paucis
497 1970 522 2010 cl
534 1965 571 2011 ad
582 1968 675 2012 utrius-

258 2040 307 2086 que
330 2025 425 2074 Bosius
451 2028 502 2075 and
526 2033 675 2097 commonly

259 2090 362 2152 printed

756 440 769 493 5
788 429 925 543 deqpittas
938 433 1015 481 unde
1034 435 1197 484 demittasum

785 570 877 625 potes,
894 564 985 627 eligas
993 574 1076 627 polest
1086 570 1168 631 elegos
1181 572 1208 617 M

785 643 859 691 quae
868 665 873 675 .
884 665 888 675 .
898 666 904 676 .
913 629 1018 681 feceris
1026 642 1151 696 quaetam
1160 653 1207 685 cru

816 697 951 761 confeceris
964 700 992 747 M

807 863 868 914 Er.
885 864 923 915 LI
940 866 1039 936 (Fam.
1056 881 1081 918 2.
1100 868 1149 939 16)

754 1002 761 1035 1
782 989 890 1038 habent
904 991 983 1039 Klotz
1016 994 1152 1045 liaberetll

751 1056 830 1104 acui
845 1056 902 1105 iarn
922 1059 1159 1123 Martyni-Laguna
1193 1065 1230 1109 cui

815 1129 866 1169 tam
888 1125 915 1171 M

749 1202 764 1251 3
783 1188 941 1238 existimari
953 1194 1101 1241 existimare
1114 1195 1143 1241 M

1252 421 1263 453 2

1253 486 1269 519 ni

1255 614 1269 653 el

1255 689 1269 721 Ο,

1256 756 1269 802 P

1252 876 1269 921 o«

1262 1023 1269 1054 a

1263 1090 1269 1135 l

749 1269 761 1313 4
782 1255 951 1305 domesticis
966 1259 989 1305 R
1022 1261 1163 1319 modesticis
1177 1262 1229 1309 ΜΟ
1268 1296 1269 1313 .

750 1334 847 1385 5cu1n
860 1326 955 1385 quinll
987 1326 1086 1388 quiMr

781 1389 913 1438 mihimet
928 1391 1007 1439 Orelli
1042 1394 1109 1439 milri
1111 1394 1174 1456 fuit
1187 1396 1213 1441 M

747 1454 763 1502 6
781 1463 808 1503 et
820 1456 892 1503 haec
906 1464 936 1504 ut
944 1458 1004 1505 haec
1016 1460 1043 1505 M

780 1522 815 1570 de
829 1536 858 1571 re
879 1523 1045 1572 Dolabellae
1070 1525 1101 1573 Ο.
1122 1526 1229 1575 Hirsch-

811 1588 865 1636 feld
891 1590 1025 1639 Dolabella
1053 1592 1104 1653 (ae
1129 1593 1181 1655 ΜΓ)
1203 1595 1227 1641 Μ

810 1656 963 1705 dolabellam
977 1657 1028 1705 GR

813 1821 866 1872 Er.
883 1822 936 1873 Lu
954 1823 1052 1893 (Fam.
1068 1838 1093 1891 9.
1108 1827 1142 1897 9)

746 1958 755 1991 r
777 1961 834 2009 qua
848 1947 1009 2010 Wesenberg
1042 1950 1071 1997 in
1083 1967 1137 2013 qua
1151 1953 1180 1999 M

777 2013 887 2062 scilicet
900 2014 952 2062 tibi
971 2015 997 2062 H
1032 2018 1127 2063 scilicet
1142 2026 1166 2065 tc
1184 2019 1229 2065 tibi
1268 2010 1269 2029 .

810 2080 838 2129 Μ

226 2158 361 2217 amicum,
370 2161 407 2208 ad
419 2169 547 2211 vestram
560 2162 675 2216 inserted
725 2182 727 2188 ·
748 2164 750 2170 '

259 2223 293 2288 by
305 2225 449 2281 Lehmann.

273 2373 325 2425 Er.
342 2375 364 2426 L
380 2378 479 2447 (Fam.
493 2378 519 2430 8:
538 2378 582 2452 16)

194 2499 402 2564 1perscripsti‚
434 2517 529 2566 neque
576 2506 675 2555 Becher

252 2569 395 2627 perscripsi
406 2568 434 2615 M

223 2633 368 2694 cogitares
380 2637 477 2695 cognita
487 2653 527 2684 res
540 2639 567 2685 M

224 2699 358 2760 praedixe
381 2700 569 2750 Mendelssohn
599 2712 674 2766 proc-

256 2765 352 2814 dixiM

225 2830 381 2880 Caesarem
397 2835 504 2882 Caesare
517 2837 545 2882 M

223 2896 320 2946 futura
331 2933 337 2945 .
349 2933 355 2945 .
368 2933 375 2946 .
385 2900 505 2949 victoria
510 2902 605 2964 fuerat
611 2910 685 2952 essct'

250 2965 351 3024 partho
363 2967 429 3013 oreta
441 2969 547 3015 victoria
561 2971 589 3017 M

224 3030 359 3079 Caesaris
376 3034 469 3080 Caesar
482 3035 509 3080 M

222 3097 291 3144 exiit
302 3099 378 3144 exilit
391 3099 419 3146 M

222 3164 404 3213 mehercules
419 3165 531 3215 omitted
544 3168 571 3215 M

190 3243 203 3275 2
221 3229 354 3280 valemus
367 3233 436 3280 valet
447 3233 475 3280 M

223 3295 379 3345 Caesarem
392 3298 502 3348 omitted
515 3299 543 3348 M

221 3376 308 3424 quern
320 3379 397 3426 quom
413 3365 441 3413 M

221 3443 294 3491 quos
306 3432 377 3492 quod
388 3431 416 3478 M

221 3495 393 3557 optimatem
405 3498 442 3545 ad
451 3501 554 3559 epactim
569 3500 597 3547 M

188 3573 203 3618 4
221 3573 255 3606 ac
268 3562 315 3610 hac
329 3563 357 3609 M

221 3627 326 3688 negavi
339 3631 441 3689 negavit
453 3630 481 3676 M

221 3690 249 3737 vi
270 3700 298 3739 te
317 3694 503 3743 retinuissem
519 3698 592 3748 -oitae
614 3701 670 3747 reti·

254 3759 363 3804 nuissem
376 3760 404 3806 M

793 2230 845 2282 ΕΡ.
862 2231 912 2281 LV
928 2232 1027 2306 (Fam.
1045 2244 1087 2297 14.
1104 2235 1155 2304 17)

776 2355 834 2404 sint
846 2363 908 2403 sunt
918 2356 967 2403 *I‘F

776 2422 909 2471 adlectus
920 2423 1027 2485 affictus
1039 2423 1068 2471 M

814 2571 865 2622 Er.
883 2571 932 2622 LX
948 2535 1046 2643 (Fam.
1061 2587 1086 2641 9.
1104 2576 1135 2642 1)

745 2711 754 2743 1
774 2704 806 2745 ut
819 2697 928 2746 nullam
941 2698 1042 2746 nullam
1061 2699 1089 2746 M

743 2777 766 2814 2.
775 2763 911 2813 nimirum
931 2764 1119 2812 Mendelssohn
1154 2769 1224 2812 enim

808 2831 875 2876 milri
886 2846 943 2877 cum
962 2831 990 2878 M

775 2897 964 2945 transiturum
983 2904 1071 2944 torum
1098 2899 1135 2946 M.
1162 2899 1225 2945 with
1268 2939 1269 2944 ,

807 2964 894 3075 ttiransi
904 2963 1005 3010 written
1017 2955 1101 3010 above
1119 2970 1146 3011 at
1159 2964 1227 3011 later

825 3035 875 3077 ate.

793 3178 845 3228 ΕΡ.
863 3178 928 3229 LXI
947 3179 1045 3249 (Fam.
1059 3193 1085 3247 9.
1104 3177 1152 3250 16)

742 3316 751 3349 1
773 3303 868 3351 amavi
882 3305 910 3351 M
944 3289 1121 3352 animadverti
1137 3305 1224 3369 Kleyn

804 3371 898 3432 agnovi
910 3370 979 3418 Boot
993 3370 1163 3434 (doubtfully)

772 3437 917 3499 quomodo
931 3438 958 3483 M
971 3438 1142 3499 quoquomodo
1156 3453 1225 3484 corn-

805 3504 877 3550 monl

739 3519 929 3631 zpotuerizz
959 3571 1090 3630 petoritu

772 3635 982 3684 conciliandam
1012 3644 1040 3685 et
1071 3636 1226 3700 conligen-

805 3702 871 3748 dam
891 3703 1080 3751 conciliandum
1102 3709 1127 3750 ct
1146 3706 1226 3754 conli⁸

800 3767 912 3828 gendum
928 3768 955 3814 M
