2575 4200
521 234 690 285 crcsxo’s
716 234 889 283 LETTERS.
1049 232 1229 298 [unxerit.

180 406 209 467 ei
229 425 299 467 rem
325 406 610 467 demonstrassem
629 412 669 465 et
694 404 796 464 vitam
823 412 914 464 tuam
941 402 1149 482 superiorem
1178 421 1228 461 ex·
1267 416 1268 495 l

179 513 376 594 posuissem,
396 533 554 594 magnum
579 511 764 592 periculum
791 530 941 573 summae
966 509 1012 571 rei
1034 503 1076 595 p(
1091 509 1228 571 demon·
1267 496 1268 549 l

180 606 316 695 strabat,
343 621 408 684 nisi
440 621 481 682 ad
506 620 713 701 superiorem
738 619 1016 682 consuetudinem
1044 627 1115 680 tum
1151 638 1228 680 cum
1267 680 1268 699 4

168 715 348 793 'Favonius
373 728 468 791 flaret
493 728 706 803 revertisses;
738 727 801 789 hoc
826 736 977 808 tempore
1008 726 1090 787 ferri
1114 745 1228 806 posse,

146 838 208 904 3si
231 838 319 900 forte
344 847 382 899 tu
406 837 514 918 frigus
539 837 628 898 ferre
653 856 720 898 non
746 854 873 917 posses
925 834 992 897 Sed
1022 833 1229 907 mehercule,

179 946 225 1008 mi
258 945 368 1020 Paete,
395 955 489 1007 extra
521 945 629 1008 iocum
656 963 775 1007 moneo
808 952 851 1017 te,
878 944 966 1024 quod
991 942 1164 1023 pertinere
1190 942 1231 1002 ad

179 1054 277 1116 beate
299 1054 478 1115 vivendum
504 1052 658 1127 arbitror,
681 1062 717 1114 ut
743 1072 818 1114 cum
845 1051 924 1112 viris
947 1051 1046 1113 bonis
1072 1050 1230 1111 iucundis
1267 1038 1268 1109 l

180 1162 369 1229 amantibus
394 1161 444 1223 tui
470 1164 571 1223 vivas.
623 1160 716 1221 Nihil
741 1170 793 1221 est
820 1159 930 1240 aptius
952 1158 1051 1231 vitae,
1077 1157 1164 1218 nihil
1190 1158 1230 1218 ad
1267 1170 1268 1203 l

180 1270 277 1332 beate
293 1270 473 1331 vivendum
490 1268 784 1331 accommodatius,
820 1267 892 1329 Nec
909 1267 941 1328 id
958 1267 1000 1328 ad
1017 1266 1229 1347 voluptatem
1267 1276 1268 1357 l

155 1395 156 1398 ’
180 1378 298 1450 refero,
319 1379 376 1440 sed
394 1378 435 1439 ad
453 1377 729 1440 communitatem
748 1376 837 1437 vitae
857 1385 958 1457 atque
980 1375 1091 1437 victus
1113 1374 1231 1435 remis·
1267 1430 1268 1435 ,

181 1486 376 1567 sionemque
400 1486 588 1547 animorum
621 1505 712 1577 quael
733 1484 874 1547 maxime
904 1502 1058 1545 sermone
1084 1472 1230 1544 efficitur

180 1593 343 1668 familiari,
362 1594 418 1676 qui
436 1604 487 1663 est
506 1594 539 1656 in
562 1593 723 1657 conviviis
742 1592 966 1666 dulcissimus
985 1600 1022 1653 ut
1041 1590 1230 1672 sapientius
1267 1666 1268 1679 ,

181 1702 287 1764 nostri
305 1722 402 1783 quam
422 1702 558 1765 Graeci:
578 1701 626 1764 illi
647 1698 820 1777 conadaco
841 1708 898 1762 aut
916 1695 1103 1773 σύνδειπνα,
1125 1698 1161 1760 id
1179 1708 1230 1759 est
1267 1708 1268 1747 1

181 1810 447 1892 compotationes
470 1820 528 1872 aut
552 1810 822 1883 concenationes,
842 1828 904 1871 nos
925 1804 1119 1881 ‘convivia'
1141 1807 1231 1887 quod

181 1928 252 1981 tum
277 1918 420 1981 maxime
438 1918 536 1981 simul
552 1918 685 1981 vivitur.
735 1917 839 1979 Vides
857 1926 894 1978 ut
912 1926 947 1978 te
960 1915 1230 1996 philosophando
1267 1900 1268 1937 ³

181 2047 335 2089 revocare
367 2046 469 2089 coner
499 2027 540 2088 ad
573 2046 682 2089 cenas.
734 2025 823 2089 Cura
847 2035 883 2087 ut
909 2024 1028 2087 valeas.
1081 2023 1120 2085 Id
1148 2023 1232 2085 foris
1267 2080 1268 2083 ,

146 2158 163 2203 4
181 2137 359 2198 cenitando
381 2135 539 2199 facillime
556 2155 770 2217 consequere.
808 2135 876 2198 Sed
893 2154 982 2208 cave,
1002 2134 1031 2196 si
1049 2153 1102 2194 me
1123 2153 1228 2206 amas,

181 2245 352 2307 existimes
377 2244 542 2325 mequod
568 2244 713 2306 iocosius
739 2244 882 2307 scribam
916 2243 1079 2305 abiecisse
1111 2263 1226 2305 curam

180 2353 229 2415 rei
245 2374 276 2433 p.
326 2352 382 2415 Sic
402 2353 472 2425 tibi,
490 2353 536 2414 mi
560 2352 671 2426 Paete,
690 2353 863 2433 persuade,
882 2371 935 2414 me
955 2351 1026 2414 dies
1049 2361 1082 2413 et
1106 2361 1228 2414 noctes

181 2461 263 2522 nihil
283 2461 372 2523 aliud
394 2480 503 2541 agere,
522 2461 605 2522 nihil
632 2481 757 2534 curare,
784 2461 850 2523 nisi
872 2469 909 2522 ut
938 2460 1003 2522 mei
1027 2459 1117 2522 cives
1145 2459 1228 2521 salvi

181 2569 343 2650 liberique
368 2568 444 2631 sint.
509 2569 647 2631 Nullum
674 2569 784 2632 locum
810 2567 1041 2650 praetermitto
1067 2567 1228 2630 monendi

180 2735 246 2784 ened
259 2736 311 2783 him
325 2736 389 2783 until
402 2736 446 2784 the
463 2735 523 2783 Ides
537 2735 566 2782 of
584 2735 673 2783 March
726 2737 842 2786 iocum:
872 2737 1010 2786 elsewhere
1045 2737 1100 2785 also
1131 2745 1227 2786 remoto

180 2817 246 2850 were
258 2810 325 2863 past.
335 2817 442 2851 —cum
458 2802 604 2851 Favonius
622 2802 676 2850 fla·
726 2807 818 2853 ioco.—
827 2803 875 2862 illi,
885 2812 932 2852 etc.
942 2821 948 2850 :
960 2804 992 2850 cf.
1005 2804 1036 2850 de
1047 2805 1105 2852 Sen.
1116 2818 1131 2863 4
1136 2817 1156 2868 5,
1168 2807 1227 2852 hene

180 2876 241 2916 ret:
270 2869 322 2916 this
351 2869 419 2916 wind
447 2868 532 2930 began
556 2877 583 2916 to
608 2869 676 2916 blow
726 2872 793 2918 enim
819 2873 926 2919 maiores
943 2871 1121 2919 accubitionem
1140 2873 1226 2932 epula-

180 2934 273 2998 during
290 2934 334 2982 the
352 2934 449 2983 second
469 2935 538 2982 week
562 2936 587 2982 in
614 2935 675 2983 Feb.
727 2954 779 2984 rem
793 2939 1015 3000 amicorum,quia
1031 2939 1226 2984 oitaecaniunc-

182 3001 226 3064 (cf.
246 3001 310 3049 Plin.
334 3003 368 3048 Ν.
392 3003 427 3048 H.
445 3015 467 3048 2.
488 3015 546 3059 1223
571 3002 675 3049 Colum.
727 3005 818 3051 tionem
832 3005 938 3061 liaberet,
950 3006 1093 3051 convivium
1108 3006 1226 3050 nornina-

184 3082 253 3115 11.2.
266 3081 305 3131 15;
320 3067 395 3123 Ovid,
404 3069 477 3114 Fasti
489 3069 591 3131 2.149).
618 3069 676 3116 The
727 3078 827 3127 verrant,
847 3072 936 3117 melius
959 3086 1036 3132 quam
1061 3071 1161 3126 Graeci,
1183 3072 1227 3133 qui

180 3135 310 3182 reference
329 3135 401 3197 helps
419 3143 446 3181 to
461 3133 496 3181 fix
515 3135 559 3182 the
574 3135 635 3182 date
648 3135 676 3181 of
727 3137 773 3183 hoc
786 3138 851 3184 idem
870 3144 924 3183 tum
944 3138 1156 3197 compotationem,
1172 3144 1225 3184 nem

180 3201 224 3249 the
237 3203 313 3249 letter
322 3201 366 3265 (cf.
377 3202 469 3256 Ruete‚
483 3202 535 3263 44).
728 3205 928 3251 concenationem
942 3209 1037 3250 vocant.
1149 3246 1151 3249 ,

213 3282 236 3329 3.
256 3268 433 3316 mehercule:
454 3267 488 3315 cf.
498 3269 615 3324 mercule,
627 3269 675 3330 Ep.
761 3283 784 3328 4.
803 3269 828 3317 si
847 3283 894 3318 me
912 3283 1010 3316 amas:
1029 3269 1062 3316 cf.
1082 3269 1146 3316 Intr.
1172 3283 1226 3317 100.

181 3332 266 3382 XXV.
281 3335 422 3396 3n.—rni
443 3335 550 3382 Paete:
568 3335 613 3382 the
630 3350 676 3382 use
729 3336 1045 3397 —sic...persuade:
1063 3334 1105 3382 for
1122 3335 1227 3382 hac...

180 3401 209 3448 of
226 3401 285 3457 this,
302 3401 344 3448 for
363 3402 463 3457 Cicero,
478 3402 588 3448 unusual
606 3401 675 3448 form
722 3404 857 3462 persuade.
893 3402 934 3448 Cf.
953 3404 996 3458 sic,
1016 3403 1063 3463 Ep.
1084 3401 1157 3448 LXI.
1177 3415 1226 3466 5n.

180 3468 208 3514 of
231 3467 337 3515 address
366 3467 439 3515 three
469 3467 545 3515 times
573 3468 599 3514 in
624 3467 676 3515 this
726 3468 879 3517 —nullum
905 3469 1017 3517 locum:
1047 3467 1080 3515 cf.
1100 3484 1144 3515 nec
1169 3485 1228 3516 vera

179 3535 255 3582 letter
278 3534 364 3581 shows
388 3534 432 3581 the
458 3541 621 3582 eamestness
648 3532 677 3581 of
727 3537 872 3596 ipsepastea
885 3536 1077 3596 tempusullum
1095 3535 1228 3582 intermisi

180 3601 224 3647 the
237 3600 328 3656 writer,
341 3608 367 3647 at
379 3601 445 3647 least
458 3600 483 3645 in
496 3599 540 3646 the
552 3615 676 3662 passages
727 3602 757 3648 de
774 3617 801 3648 re
811 3603 914 3662 publica
932 3618 982 3648 non
995 3601 1122 3663 cogitandi
1135 3602 1227 3652 solum.

181 3666 265 3712 where
278 3665 322 3712 the
335 3665 486 3727 expression
499 3680 598 3713 occurs.
634 3666 676 3714 Cf.
727 3669 860 3715 sedetiam
882 3669 982 3730 agendi,
1000 3669 1073 3714 Fam.
1095 3681 1132 3714 10.
1152 3667 1227 3715 28.2

180 3733 219 3778 mi
241 3733 373 3791 Pomponi,
398 3732 446 3791 Ep.
471 3731 505 3778 X.
524 3741 676 3780 n.-extra
730 3734 841 3796 (written
855 3734 935 3781 about
950 3733 1011 3781 Feb.
1026 3747 1046 3788 2,
1059 3747 1091 3797 43
1105 3732 1179 3795 B.c.).
