2575 4200
196 221 226 274 50
532 207 700 255 CICEROS
726 208 899 255 IETTERS.
977 240 981 245 -

1120 206 1220 270 [EnXI

194 394 248 437 me
265 384 303 436 tu
320 373 500 465 plurimum
516 374 660 436 valuisti
706 373 775 437 Sed
792 374 874 436 haec
891 394 1014 437 coram
1057 376 1125 437 Fac
1143 374 1223 435 modo

194 490 231 545 ut
248 483 372 545 venias

583 590 750 674 I.(.Fam
774 608 822 669 14.
840 592 886 672 4.)

186 756 188 761 ¹
271 764 429 813 TVLLIVS
466 764 492 812 S.
523 764 556 811 D.
586 763 805 811 TERENTIAE
841 764 887 811 ET
923 764 1087 812 TVLLIAE
1122 766 1168 813 ET

568 863 750 912 CICERONI
782 863 869 912 SVIS.

163 1030 174 1065 1
241 1001 315 1081 Ego
340 998 451 1061 minus
476 1018 577 1079 saepe
602 998 645 1061 do
669 998 711 1060 ad
735 1018 795 1060 vos
819 997 873 1059 litt
860 1006 950 1060 teras
976 1019 1076 1079 quam
1105 1018 1225 1080 possum

193 1117 370 1189 propterea
386 1107 474 1189 quod
491 1127 567 1170 cum
588 1106 700 1168 omnia
720 1105 802 1167 mihi
826 1115 980 1187 tempora
1004 1116 1085 1169 sunt
1110 1106 1224 1177 misera,

193 1226 265 1278 tum
282 1235 361 1277 vero
378 1235 453 1277 cum
471 1224 528 1277 aut
554 1214 664 1276 scribo
689 1214 730 1276 ad
747 1234 807 1276 vos
831 1222 889 1276 aut
906 1223 1037 1276 vestras
1062 1214 1146 1295 lego,
1164 1233 1226 1275 con-

194 1328 286 1390 ficior
302 1326 491 1389 lacrimis
466 1346 513 1388 src
530 1335 567 1387 ut
590 1325 680 1387 ferre
704 1346 772 1387 non
798 1325 934 1406 possim.
986 1325 1088 1407 Quod
1113 1325 1226 1387 utinam

194 1436 304 1497 minus
321 1433 409 1496 vitae
427 1433 538 1514 cupidi
556 1433 754 1495 fuissemus!
788 1442 880 1495 certe
896 1432 979 1494 nihil
997 1442 1055 1495 aut
1075 1453 1140 1496 non
1159 1431 1226 1493 mul-

194 1553 266 1605 tum
283 1543 317 1604 in
333 1542 402 1603 vita
419 1541 497 1603 mali
514 1541 724 1604 vidissemus,
776 1540 920 1623 Quod'
895 1561 923 1603 sr
943 1561 1005 1603 nos
1030 1542 1072 1603 ad
1097 1541 1226 1622 aliquam

194 1650 332 1717 alicuius
359 1649 524 1713 commodi
550 1649 729 1731 aliquando
753 1650 960 1730 reciperandi
985 1668 1080 1730 spem
1105 1649 1227 1711 fortuna

194 1758 385 1833 reservavit,
412 1758 522 1819 minus
551 1766 603 1819 est
630 1767 778 1819 erratum
803 1778 823 1819 a
846 1758 959 1834 nobis;
992 1758 1020 1819 si
1047 1758 1130 1820 haec
1152 1754 1227 1817 mala

194 1869 258 1930 fixa
282 1877 370 1941 sunt,
397 1886 459 1947 ego
484 1886 563 1927 vero
587 1875 622 1928 te
649 1886 747 1947 quam
772 1866 925 1947 primum,
946 1885 1021 1928 mea
1044 1866 1122 1941 vita,
1141 1863 1227 1945 cupio

193 1976 306 2037 videre
330 1984 363 2036 et
390 1974 423 2035 in
449 1983 506 2036 tuo
531 1974 707 2054 complexu
733 1973 845 2048 emori,
866 1974 1023 2055 quoniam
1049 1993 1157 2056 neque
1180 1970 1225 2043 dii,

194 2104 277 2166 quos
294 2092 331 2146 tu
349 2082 537 2146 castissime
555 2081 697 2156 colursr
717 2102 826 2164 neque
846 2081 1011 2156 homines
1031 2082 1151 2164 quibus
1174 2099 1228 2162 ego

161 2213 327 2273 2semper
344 2190 473 2265 servivi,
493 2191 589 2253 nobis
608 2191 749 2271 gratiam
774 2190 986 2252 rettulerunt.
1039 2191 1111 2254 Nos
1137 2191 1228 2252 Brun-

193 2347 298 2382 mre
309 2332 453 2381 .valuisti:
467 2331 689 2380 Ciceroseemsto

193 2401 259 2448 have
267 2397 460 2461 contemplated
469 2397 575 2446 suicide.
586 2397 683 2445 Cf.Att

194 2482 215 2531 3
229 2480 251 2527 7.
265 2481 287 2523 2,
300 2466 355 2514 first
373 2472 501 2521 sentence,
513 2463 565 2511 and
577 2465 629 2510 Art.
641 2478 663 2527 3.
674 2478 689 2527 3

192 2535 292 2582 utinam
317 2534 393 2580 illum
417 2533 481 2579 diem
505 2532 612 2588 videam,
630 2547 686 2577 cum

192 2601 238 2647 tihi
254 2615 328 2661 agam
343 2599 444 2661 gratias
462 2599 531 2660 quod
545 2613 584 2644 me
602 2613 688 2644 vivere

192 2665 310 2728 coegisti!
333 2666 416 2712 adhuc
437 2665 537 2726 quidem
556 2664 630 2710 valde
648 2679 688 2710 me

187 2734 344 2794 paenirtet
312 2745 460 2779 —coram:
473 2731 505 2778 cf.
519 2731 581 2778 lntr.
595 2743 634 2794 95

227 2800 276 2846 XI
301 2798 473 2853 Brundisium,
498 2797 570 2873 April
596 2811 635 2858 29,
658 2796 687 2860 58

194 2879 242 2913 uc.
280 2867 321 2913 On
338 2879 407 2920 suis
421 2864 453 2911 ci
471 2865 531 2919 suis,
545 2864 592 2925 Ep.
607 2863 687 2910 XIII.

193 2931 401 2994 superscription
415 2946 439 2977 n.

228 3012 248 3045 1.
267 2998 389 3046 litteras:
406 2998 504 3045 laterae
515 2996 660 3061 probably
654 3011 689 3044 m·

193 3065 291 3112 dicates
312 3065 380 3120 here,
399 3079 427 3110 as
447 3063 473 3110 in
492 3063 591 3111 several
613 3063 689 3111 other

193 3146 324 3194 passages
345 3145 417 3177 more
437 3129 500 3177 than
524 3145 575 3176 one
598 3130 687 3187 letter;

192 3199 224 3246 ch
243 3200 343 3257 litteris,
364 3198 410 3258 Ep.
431 3196 530 3243 XCIX.
546 3209 640 3242 1n.—
606 3196 688 3244 —vi-

192 3273 239 3314 tae
252 3233 359 3327 cupidi:
374 3263 466 3312 Cicero
479 3278 538 3326 may
550 3262 583 3310 be
596 3270 689 3324 regret-

192 3333 248 3395 ting
260 3332 342 3380 either
354 3330 394 3379 his
408 3329 538 3377 mIstake'
532 3345 557 3376 m
570 3338 617 3377 not
629 3329 689 3376 hav-

191 3400 235 3460 ing
258 3406 311 3446 met
335 3396 413 3445 death
432 3395 507 3443 while
531 3394 638 3456 making
656 3411 688 3442 an

192 3464 279 3512 armed
304 3464 443 3512 resistance
468 3469 495 3509 t0
521 3460 637 3517 Clodius,
660 3477 688 3508 as

191 3547 263 3579 some
276 3531 304 3578 oi
316 3531 356 3578 his
367 3527 466 3576 friends
479 3527 598 3584 advised,
607 3543 636 3574 or
649 3528 688 3575 his

190 3597 282 3646 failure
295 3606 322 3645 to
335 3595 442 3644 commit
460 3593 568 3652 suicide,
588 3594 619 3640 cf
631 3601 689 3654 pae-

192 3665 255 3710 nitet
269 3665 360 3719 othere,
374 3663 422 3724 Ep
441 3662 473 3708 X.
487 3676 552 3707 ῐι.-
561 3660 687 3722 aliquam

741 2331 894 2381 alicuius.
941 2333 1139 2396 ,aliquando
1162 2333 1226 2381 these

741 2397 824 2445 words
837 2367 948 2446 indicate
957 2399 1112 2465 sufficiently
1123 2399 1226 2448 Cicero's

740 2464 891 2528 despair-
899 2465 974 2514 dii..
986 2467 1121 2515 .servivi.
1134 2474 1226 2515 astate

739 2539 810 2579 ment
823 2532 972 2593 suggestive
985 2532 1014 2580 ol
1032 2534 1076 2581 the
1094 2533 1226 2611 respective

739 2597 863 2646 attitudes
876 2599 905 2645 of
922 2600 967 2647 the
985 2608 1036 2653 two
1049 2616 1125 2648 sexes
1140 2601 1165 2647 iu
1181 2599 1227 2646 Cic·

739 2665 806 2712 ero’s
820 2666 881 2712 time
894 2665 921 2712 in
939 2665 1062 2727 religious
1080 2675 1191 2715 matters.
1200 2691 1226 2700 —

739 2733 1018 2798 nequehomines..
1033 2734 1225 2782 .rettulerum:

740 2798 856 2846 Cicero’s
890 2798 990 2846 friends
1025 2798 1078 2855 did,
1109 2799 1225 2848 however.

739 2864 817 2912 stand
835 2863 868 2928 by
880 2864 942 2921 him,
955 2864 1006 2912 and
1025 2881 1103 2930 many
1115 2866 1144 2913 of
1161 2865 1226 2913 those

740 2930 842 2978 outside
873 2932 964 2988 Rome,
991 2931 1043 2979 like
1074 2934 1181 2981 Flaccus
1206 2938 1227 2978 at

741 2997 906 3045 Brundisium
933 2997 969 3061 (2)
994 2998 1046 3046 and
1072 2999 1228 3048 Planciusat

741 3064 928 3112 Thessalonica
953 3065 1015 3127 (Art.
1038 3080 1061 3128 3
1086 3080 1124 3126 14.
1146 3068 1178 3126 2),
1197 3080 1227 3111 as·

740 3129 820 3178 sisted
842 3130 895 3178 him
917 3139 943 3178 at
964 3131 1009 3179 the
1031 3133 1094 3193 peril
1120 3133 1149 3180 oi
1171 3130 1228 3180 their

740 3197 804 3244 lives
812 3196 863 3244 and
872 3197 999 3254 fortunes‚
1007 3197 1083 3246 while
1093 3199 1134 3248 his
1128 3195 1228 3247 friends

740 3271 767 3310 at
781 3265 865 3311 Rome
877 3262 929 3310 and
941 3263 986 3312 the
1003 3265 1097 3326 people
1117 3263 1228 3325 through

741 3339 786 3376 out
807 3331 874 3392 Italy
886 3330 992 3376 worked
1010 3330 1122 3394 steadily
1139 3332 1180 3379 lor
1194 3329 1227 3377 his

740 3397 824 3443 recall.
852 3397 903 3443 For
916 3396 960 3444 the
970 3396 1022 3444 risk
1033 3397 1116 3444 which
1131 3399 1228 3445 Flaccus

741 3477 794 3519 ran,
806 3462 839 3510 cf.
847 3469 898 3523 pro
910 3464 1000 3510 Planc
1013 3476 1043 3524 97
1057 3466 1086 3510 in
1104 3465 1187 3511 honos
1198 3475 1229 3510 mr

740 3529 779 3575 M.
799 3530 883 3576 Laeni
898 3530 985 3576 Flacci
1001 3531 1103 3585 contuli,
1122 3547 1163 3577 cur
1181 3542 1227 3577 cum

740 3597 823 3641 omnis
852 3601 932 3645 metus
952 3596 1091 3657 publicatio
1115 3597 1225 3644 bonorum

740 3662 860 3708 exsilium
885 3676 954 3708 mors
974 3669 1163 3723 proponeretur
1179 3664 1226 3709 haec
