2575 4200
202 225 252 276 276
542 225 709 274 CICERll'S
736 225 907 272 LETTERS.
1094 223 1160 290 [Ep.
1177 227 1250 274 XCV

202 392 349 474 positum
382 393 560 468 videretur,
595 393 652 475 qui
685 394 723 467 si,
754 403 790 455 ut
825 395 1053 474 sperabamus,
1083 395 1257 475 erupisset

204 500 346 575 Mutina,
381 501 463 566 nihil
496 501 573 564 belli
607 501 725 583 reliqui
766 501 838 563 iore
883 502 1070 565 videbatur.
1142 503 1257 564 Parvis

202 609 340 672 omnino
365 609 429 672 iam
454 609 558 691 copiis
582 609 806 683 obsidebatur,
831 611 919 692 quod
940 630 1064 691 magno
1084 611 1256 692 praesidio
1277 607 1278 644 .

203 718 386 798 Bononiam
420 720 558 781 tenebat
592 717 791 794 Antonius,
824 727 894 780 erat
927 713 1040 781 autem
1071 720 1256 784 Claternae

202 837 318 891 noster
346 827 490 900 Hirtius,
509 826 551 888 ad
577 826 701 889 Forum
729 826 923 889 Cornelium
950 827 1084 904 Caesar,
1110 839 1256 910 uterque

202 957 278 1000 cum
308 937 402 998 firmo
432 934 589 1009 exercitu,
617 955 823 1017 magnasque
849 935 977 998 Romae
1004 936 1114 999 Pansa
1140 933 1278 1018 copias

202 1064 243 1108 ex
259 1044 384 1108 dilectu
409 1042 525 1107 Italiae
549 1052 766 1125 compararat.
819 1043 940 1106 Hiems
962 1044 1073 1106 adhuc
1090 1065 1165 1107 rem
1182 1046 1255 1127 geri

202 1153 426 1235 prohibuerat.
477 1151 611 1214 Hirtius
644 1151 727 1214 nihil
760 1152 823 1214 nisi
856 1152 1077 1228 considerate,
1104 1162 1146 1215 ut
1172 1154 1255 1214 mihi

109 1255 112 1260 ’
202 1262 329 1325 crebris
353 1261 476 1323 litteris
503 1261 679 1343 significat,
706 1269 843 1323 acturus
875 1260 1061 1323 videbatur.
1115 1262 1254 1336 Praeter

203 1370 397 1444 Bononiam,
425 1369 570 1450 Regium
605 1368 733 1450 Lepidi,
770 1369 930 1443 Parmam,
964 1377 1070 1431 totam
1105 1369 1252 1432 Galliam

205 1479 404 1541 tenebamus
429 1477 709 1540 studiosissimam
735 1477 783 1540 rei
805 1497 837 1558 p.
886 1477 977 1540 Tuos
995 1476 1097 1539 etiam
1115 1478 1253 1540 clientis

203 1587 460 1667 Transpadanos
489 1585 627 1648 mirifice
653 1585 850 1649 coniunctos
876 1605 952 1648 cum
977 1605 1078 1648 causa
1106 1585 1253 1649 habeba-

202 1714 287 1758 mus.
338 1695 418 1778 Erat
440 1694 653 1757 firmissimus
672 1703 810 1756 senatus
834 1693 982 1775 exceptis
1006 1695 1251 1768 consularibus,

170 1823 243 1874 3ex
265 1803 387 1884 quibus
409 1822 496 1864 unus
520 1803 556 1864 L.
578 1801 702 1865 Caesar
723 1803 837 1865 firmus
860 1812 911 1864 est
936 1811 969 1864 et
992 1811 1114 1864 rectus.
1179 1803 1252 1866 Ser.

204 1910 332 1992 Sulpici
348 1920 457 1972 morte
474 1930 632 1991 magnum
658 1910 859 1990 praesidium
878 1909 1061 1973 amisimus.
1113 1901 1254 1993 Reliqui

203 2019 324 2099 partim
359 2019 494 2093 inerteS,
531 2018 653 2099 partim
690 2018 840 2100 improbi.
897 2016 1060 2080 Nonnulli
1097 2017 1253 2081 invident

203 2148 318 2190 eorum
351 2126 440 2190 laudi
473 2112 556 2209 quos
590 2127 624 2188 in
658 2147 693 2189 re
725 2149 757 2209 p.
790 2128 923 2210 probari
955 2127 1080 2191 vident.
1132 2128 1253 2210 Populi

203 2256 282 2299 vero
305 2236 465 2298 'Romani
493 2235 666 2317 totiusque
704 2235 818 2299 Italiae
856 2237 938 2299 mira
974 2236 1155 2299 consensio
1188 2247 1251 2299 est.

205 2346 301 2407 Haec
327 2353 423 2406 erant
447 2344 519 2405 fere
553 2364 637 2426 quae
670 2343 733 2406 tibi
764 2353 843 2407 nota
868 2364 942 2407 esse
966 2344 1097 2407 vellem.
1148 2346 1251 2409 Nunc

203 2536 243 2566 res
262 2535 287 2566 se
303 2521 338 2566 sic
355 2518 444 2565 habet:
473 2520 495 2564 is
513 2517 605 2565 bellum
622 2518 726 2580 confi-³
753 2531 767 2581 3
787 2518 897 2579 (written
917 2518 997 2567 about
1017 2519 1078 2567 Feb.
1099 2533 1121 2575 2,
1133 2534 1167 2583 43
1187 2520 1248 2581 Rc.)

181 2588 266 2633 ’cerit
281 2588 328 2648 qui
339 2587 483 2632 Antonium
501 2586 660 2645 oppresserit
669 2611 701 2618 -
749 2584 870 2633 habemus
870 2586 966 2649 sortem
973 2593 1098 2642 senatum,
1106 2590 1250 2635 consulerit

205 2653 430 2709 Claternae,etc.:
443 2650 477 2697 all
485 2650 530 2698 the
538 2651 624 2713 places
633 2666 701 2697 men·
745 2654 845 2713 partim
859 2652 968 2708 timidos,
982 2653 1082 2714 partim
1097 2654 1165 2699 mole
1177 2656 1248 2700 senti-

204 2718 293 2766 tioned
311 2733 377 2766 were
394 2733 429 2764 on
448 2717 492 2765 the
512 2720 556 2765 vrb
580 2719 700 2774 Aemilia,
749 2720 815 2765 entis
822 2734 832 2773 ;
854 2734 976 2781 magnum
1000 2720 1127 2767 damnum
1145 2720 1246 2781 sactum

203 2785 263 2840 and,
275 2786 333 2832 with
347 2785 391 2832 the
401 2784 538 2846 exception
550 2784 580 2831 of
590 2784 701 2847 Regium
750 2792 786 2832 est
808 2786 837 2832 in
861 2786 969 2843 Servio;
993 2786 1024 2832 L.
1045 2786 1141 2833 Caesar
1159 2788 1248 2847 optime

205 2851 296 2914 Lepidi
318 2849 371 2899 and
401 2853 500 2907 Parma,
525 2851 567 2915 lay
597 2859 625 2899 to
656 2851 700 2899 the
750 2853 833 2908 sentit,
851 2853 900 2907 sed,
916 2853 985 2915 quod
999 2854 1145 2900 avunculus
1160 2852 1208 2916 (tle.
1221 2852 1249 2898 ol

204 2918 340 2966 southeast
370 2918 398 2965 of
427 2918 537 2972 Mutina,
561 2919 587 2965 in
618 2917 700 2965 which
751 2918 869 2982 Antony)
894 2925 935 2974 est,
955 2934 1005 2966 non
1029 2922 1172 2967 acerrimas
1189 2920 1249 2967 dicit

204 2993 274 3033 town
293 2986 326 3031 D.
343 2985 439 3032 Brutus
457 3000 510 3033 was
529 2984 702 3045 besieged-
751 2986 894 3032 scrutentias.
943 2985 1000 3033 The
1029 2984 1118 3033 leader
1147 2986 1177 3034 of
1205 2986 1247 3033 the

205 3066 311 3114 magno
328 3052 493 3114 praesidio:
524 3052 632 3115 Antony
650 3049 702 3097 had
751 3050 884 3099 moderate
907 3051 1007 3099 faction
1031 3067 1084 3099 was
1103 3052 1136 3112 Q.
1160 3052 1247 3100 Fufius

204 3118 348 3167 somewhat
368 3133 439 3165 more
464 3118 525 3164 than
544 3118 584 3165 six
602 3118 702 3179 legions
751 3118 872 3165 Calenus.
908 3118 950 3165 Cf.
970 3118 1082 3179 Ptilzpp.
1100 3118 1125 3165 8.
1145 3132 1191 3175 11;
1211 3132 1247 3164 10.

204 3194 231 3233 at
251 3186 291 3233 his
313 3184 436 3246 disposal.
479 3183 520 3230 Cf.
545 3184 659 3245 Philipp.
678 3185 702 3231 8.
752 3184 983 3248 3312.3and18.

206 3258 396 3317 25.—n0ster
420 3250 554 3317 Hirtius:
585 3250 616 3297 cf.
637 3250 702 3297 Intr.
784 3264 807 3313 3.
827 3252 889 3299 Ser.
901 3250 1010 3313 Sulpici
1023 3258 1136 3299 morte:
1156 3251 1189 3299 cf.
1202 3252 1247 3313 Ep.

204 3321 403 3379 42.-Forum
419 3317 600 3366 Cornelium:
619 3331 702 3364 arare
754 3318 863 3364 LXXV.
877 3317 971 3364 introd.
983 3324 1053 3364 note.
1081 3317 1140 3366 The
1153 3326 1246 3371 senate.

204 3387 272 3434 form
312 3386 354 3433 ior
395 3385 491 3431 Forum
539 3385 647 3431 Corneli.
670 3412 704 3418 —
752 3398 786 3431 on
800 3385 857 3443 Jan.
870 3398 893 3442 4,
910 3397 941 3446 43
961 3395 1019 3441 B.c.,
1037 3383 1090 3431 had
1108 3383 1247 3448 appointed

206 3454 331 3502 Caesar:
355 3453 392 3498 ia.
418 3450 703 3498 Octavianus-tuos
753 3466 769 3497 a
787 3450 961 3506 commission,
986 3450 1130 3512 composed
1150 3451 1179 3499 of
1197 3452 1246 3499 Ser.

205 3520 319 3568 clientis
333 3517 578 3579 Transpadanos:
598 3516 650 3563 this
669 3532 705 3563 re·
754 3516 883 3579 Sulpicius
905 3516 999 3575 Rufus,
1019 3518 1048 3563 L.
1068 3516 1138 3573 Piso,
1152 3517 1203 3565 and
1221 3518 1247 3563 L.

204 3586 346 3647 lationship
370 3584 434 3632 does
458 3591 505 3630 not
525 3598 595 3630 seem
621 3591 648 3630 to
672 3582 705 3631 be
755 3583 897 3645 Philippus,
910 3592 938 3630 to
955 3582 998 3647 lay
1009 3582 1106 3630 certain
1125 3582 1247 3631 demands

205 3650 356 3699 mentioned
379 3649 704 3711 elsewhere—exceptis
753 3649 845 3697 before
857 3651 973 3713 Antony,
986 3648 1032 3697 but
1046 3649 1181 3711 Sulpicius
1193 3648 1246 3697 died

206 3716 417 3772 consularibus,
426 3723 483 3762 etc.:
494 3714 527 3761 cf.
535 3716 607 3761 Fam.
619 3729 657 3763 10.
667 3716 705 3762 28.
754 3714 844 3763 before
870 3716 992 3777 reaching
1016 3716 1149 3778 Antony's
1178 3714 1248 3763 head·
