2575 4200
198 265 249 316 250
537 265 706 316 CICERO’S
732 265 906 316 LETTERS.
1018 265 1079 331 [Ep.
1092 265 1237 314 LXXXVI.

165 455 181 502 4
200 433 381 498 δυσωπεῖ
397 431 543 498 fortasse
559 433 624 498 hoc
640 433 715 498 loco
734 433 833 498 alicui
849 441 1010 508 vestrum,
1029 454 1088 496 cur
1110 433 1238 496 novissi-

198 562 289 605 murn
313 551 447 624 tempus
472 551 708 624 exspectemus
740 542 852 624 potius
885 562 982 624 quam
1009 562 1099 604 nunc
1123 541 1239 622 aliquid

198 649 382 714 moliamur.
433 649 522 733 Quia
546 650 602 714 ubi
627 651 852 715 consistamus
876 671 943 714 non
969 649 1133 713 habemus
1158 669 1238 732 prae-

197 767 251 822 ter
283 757 359 823 Sex.
388 758 582 841 Pompeium
608 767 642 822 et
676 759 818 822 Bassum
853 757 1045 832 Caecilium,
1076 758 1134 840 qui
1168 756 1262 820 mihil

198 867 353 931 videntur
368 866 433 931 hoc
449 867 568 931 nuntio
585 867 627 930 de
653 865 799 930 Caesare
822 866 922 930 allato
948 866 1109 928 firmiores
1129 865 1238 928 futuri.

199 974 290 1040 Satis
307 985 458 1058 ternpore
479 977 521 1038 ad
546 995 604 1040 eos
629 977 837 1050 accedemus
857 975 914 1039 uhi
932 975 1012 1057 quid
1029 974 1166 1037 valeant
1190 973 1240 1036 sci·
1261 983 1262 1024 l

197 1083 331 1148 erimus.
382 1085 444 1146 Pro
462 1083 578 1148 Cassio
603 1094 637 1148 et
662 1093 706 1159 te,
725 1084 753 1148 si
778 1071 857 1166 quid
882 1104 935 1146 me
950 1083 1061 1146 velitis
1086 1083 1239 1164 recipere,

166 1205 180 1258 5
198 1191 373 1274 recipiam
397 1192 546 1273 postulat
563 1193 652 1255 enim
670 1191 734 1256 hoc
762 1191 893 1254 Hirtius
911 1201 948 1254 ut
965 1191 1096 1255 faciam.
1149 1191 1239 1270 Rogo

196 1319 257 1363 vos
279 1320 378 1382 quam
403 1301 546 1382 primum
570 1299 651 1362 mihi
676 1300 1011 1364 rescribatis-nam
1037 1320 1104 1361 non
1127 1298 1239 1361 dubito
1261 1357 1262 1378 ,

197 1409 276 1490 quin
304 1397 423 1472 dehis
455 1409 555 1472 rebus
586 1418 668 1472 ante
699 1408 815 1472 horam
841 1419 992 1490 quartam
1022 1408 1154 1470 Hirtius
1179 1425 1238 1468 cer-

196 1517 315 1580 tiorem
347 1538 401 1581 me
433 1517 477 1580 sit
508 1517 685 1581 facturus:
724 1538 824 1599 quem
857 1517 890 1579 in
923 1501 1033 1580 locum
1067 1514 1262 1580 convenirel

197 1625 373 1707 possimus,
388 1645 455 1707 quo
471 1646 525 1688 me
541 1625 654 1688 velitis
669 1625 795 1701 venire,
815 1625 998 1689 rescribite.

164 1748 181 1798 6
246 1734 324 1797 Post
341 1734 560 1798 novissimum
580 1734 672 1796 Hirti
696 1754 885 1798 sermonem
906 1733 1066 1815 placitum
1088 1742 1140 1796 est
1163 1729 1239 1794 mihi

197 1842 366 1923 postulare
383 1852 420 1904 ut
437 1842 552 1905 liceret
569 1842 667 1905 nobis
687 1843 815 1906 Romae
829 1863 903 1906 esse
919 1842 1055 1924 publico
1068 1839 1234 1924 praesidio¹

198 1950 299 2032 Quod
316 1949 390 2013 illos
407 1950 504 2014 nobis
521 1970 741 2014 concessuros
763 1972 831 2014 non
855 1960 957 2032 put0;
982 1970 1138 2032 magnam
1155 1948 1235 2011 enim

197 2058 353 2123 invidiam
371 2059 410 2123 iis
435 2059 606 2124 faciemus.
659 2059 752 2123 Nihil
777 2070 890 2124 tamen
916 2079 983 2122 non
1008 2059 1236 2142 postulandum
1261 2102 1262 2155 y

196 2168 320 2250 putavi,
339 2169 428 2250 quod
445 2188 588 2250 aequum
605 2188 681 2232 esse
698 2177 890 2232 statuerem.

196 2320 348 2382 =aenrqus
369 2320 395 2367 n
418 2334 435 2367 a
459 2320 536 2367 letter
563 2320 630 2368 from
657 2320 691 2367 o.
746 2320 896 2379 ciliumcf.
909 2318 1234 2384 oulicaninaspurx.
1261 2290 1262 2381 l

198 2386 294 2434 Brutus
304 2387 388 2448 (Fam.
401 2399 437 2433 11.
449 2400 487 2434 20.
500 2386 524 2449 ι)
538 2386 589 2434 and
601 2387 627 2434 in
640 2401 691 2433 one
746 2400 761 2446 4
774 2402 798 2434 n.
813 2388 907 2435 Brutus
920 2386 1016 2450 adopts
1030 2387 1074 2436 the
1086 2404 1158 2437 same
1167 2384 1234 2433 order
1261 2384 1262 2447 i

195 2453 264 2500 from
283 2453 312 2499 C.
326 2453 433 2500 Cassius
452 2454 535 2515 (Fam.
552 2467 589 2500 12.
605 2467 641 2517 ¹3·
656 2453 690 2516 3).
746 2453 771 2501 in
791 2455 862 2501 Fam.
883 2468 921 2502 11.
940 2469 963 2519 9.
984 2467 1012 2509 1;
1034 2468 1071 2501 11.
1086 2468 1124 2504 20.
1140 2452 1234 2501 1.-de
1261 2488 1262 2501 2

197 2519 261 2567 This
274 2534 354 2581 usage
364 2520 386 2566 is
395 2528 442 2567 not
451 2518 536 2567 found
548 2520 574 2567 in
586 2520 690 2567 Caesar.
747 2521 884 2569 Caesare:
897 2521 1070 2583 euphemistic
1080 2521 1236 2569 fordemunt

230 2599 253 2645 4.
272 2593 436 2635 succurret:
466 2586 508 2633 for
525 2593 653 2644 occurret;
677 2601 693 2634 a
749 2588 974 2651 Caesaris—pro
987 2588 1093 2636 Cassio
1106 2596 1135 2636 et
1147 2584 1234 2636 te:the
1261 2566 1262 2651 l

196 2667 276 2714 usage
300 2659 345 2700 not
368 2653 452 2700 found
476 2653 503 2701 in
522 2653 615 2701 Cicero
638 2659 694 2701 out·
746 2654 823 2702 letter
839 2654 861 2701 is
880 2653 1022 2702 addressed
1044 2670 1117 2702 more
1135 2653 1234 2717 particu-

196 2718 252 2767 side
269 2718 314 2766 the
333 2720 443 2776 Letters,
462 2718 514 2767 and
538 2720 599 2785 only
619 2720 692 2767 three
746 2720 809 2785 larly
821 2729 849 2768 to
863 2722 898 2768 M.
913 2720 1015 2785 Brutus.
1261 2724 1262 2727 ’

196 2786 273 2833 times
289 2785 317 2832 in
335 2786 426 2844 them;
450 2787 497 2848 Ep.
517 2786 619 2845 XC.6;
638 2788 691 2833 Alc.
780 2786 802 2835 6.
824 2795 890 2851 post
909 2822 916 2834 .
936 2822 943 2835 .
963 2824 969 2835 .
990 2802 1166 2847 sermonem,
1183 2794 1233 2834 etc:
1261 2776 1262 2845 l

200 2866 236 2911 14.
252 2865 272 2898 1.
286 2853 425 2901 2.-Sex.
440 2853 630 2916 Pompeium:
650 2853 694 2901 the
746 2854 898 2918 apparently
915 2854 1017 2901 written
1036 2854 1104 2902 after
1122 2855 1165 2903 the
1185 2866 1234 2901 con·
1261 2852 1262 2901 l

197 2934 247 2967 son
270 2918 300 2966 of
323 2919 462 2981 Pompeius
489 2921 609 2981 Magnus,
634 2920 693 2967 who
745 2919 848 2968 ference
866 2920 928 2968 with
952 2920 1056 2968 Hirtius
1081 2920 1192 2969 referred
1212 2926 1234 2965 to
1261 2914 1262 2927 ¹

196 2984 307 3047 escaped
320 2984 386 3032 after
398 2985 441 3033 the
454 2985 535 3033 battle
548 2986 577 3034 of
592 2985 694 3034 Munda
746 2986 837 3044 above,
848 2986 899 3035 and
911 2986 1090 3053 immediately
1099 2987 1187 3035 before
1198 2985 1234 3033 the
1261 2960 1262 3045 l

199 3052 285 3116 (Caes.
296 3052 338 3115 fr.
351 3068 375 3114 p.
391 3051 444 3108 160,
457 3052 497 3100 ed.
516 3052 628 3116 Dinter),
642 3051 694 3100 and
746 3054 860 3114 meeting
872 3054 900 3101 of
918 3054 967 3101 the·
975 3061 1064 3101 senate
1078 3070 1115 3102 on
1129 3056 1193 3102 Mar.
1203 3064 1233 3110 17.

196 3117 321 3181 gathered
354 3118 435 3166 about
466 3119 521 3167 him
551 3120 578 3168 in
611 3119 694 3182 Spain
745 3120 997 3169 -novissimumz
1014 3120 1057 3167 for
1069 3124 1233 3181 proximum
1261 3156 1262 3201 y

196 3185 412 3244 irreconcilables,
441 3185 612 3242 freebooters‚
642 3185 693 3234 and
746 3187 778 3234 cf.
799 3194 860 3235 note
884 3186 1110 3235 above—illos:
1140 3189 1233 3245 Antony
1261 3210 1262 3219 ἢ

196 3253 378 3300 malcontents.
392 3254 568 3318 —Bassum
591 3253 694 3301 eaeci—
746 3252 798 3301 and
833 3253 873 3302 his
910 3253 1092 3301 followers.-—
1107 3254 1233 3302 invidiam
1261 3258 1262 3325 l

196 3321 285 3368 lium:
308 3334 324 3366 a
346 3319 488 3381 Pompeian
507 3318 573 3375 who,
593 3319 693 3381 though
746 3320 782 3368 iis
800 3320 953 3368 faciemus:
973 3320 1072 3367 cfAtt.
1090 3334 1113 3384 3.
1130 3319 1160 3369 16
1177 3328 1232 3381 rpem
1261 3346 1262 3353 .

196 3386 331 3448 pardoned
361 3385 395 3450 by
425 3386 524 3434 Caesar
553 3386 619 3433 after
649 3386 694 3434 the
746 3388 836 3449 facere
847 3388 928 3435 alicui
934 3402 946 3443 ,·
965 3388 1038 3435 Fam.
1053 3400 1089 3435 10.
1103 3378 1256 3434 18.2timo'

196 3451 278 3500 battle
309 3451 339 3499 of
368 3452 516 3510 Pharsalus,
541 3452 649 3500 secured
678 3467 694 3499 a
746 3469 798 3501 rem
810 3454 899 3515 facere
921 3454 1003 3501 alicui
1008 3468 1019 3510 ;
1045 3454 1100 3499 Art.
1125 3467 1162 3500 rr.
1181 3453 1232 3501 8.2

196 3519 271 3566 small
284 3533 363 3583 army,
376 3518 534 3567 entrenched
546 3518 653 3567 himself
667 3519 693 3565 in
745 3520 947 3583 doloremsacere
958 3520 1045 3575 alicui.
1083 3520 1109 3567 It
1120 3520 1144 3568 is
1156 3518 1233 3583 proba·

198 3585 279 3648 Syria,
289 3584 341 3632 and
351 3584 435 3632 defied
444 3585 488 3633 the
496 3600 583 3647 power
591 3586 620 3633 of
630 3586 694 3633 Cae·
745 3585 786 3633 ble
800 3586 857 3633 that
870 3586 905 3633 all
917 3585 991 3636 these
1003 3586 1117 3644 phrases
1134 3602 1178 3635 are
1194 3583 1232 3633 eol·

196 3662 247 3698 sar.
277 3651 320 3700 On
333 3651 377 3701 the
389 3650 465 3700 order
476 3652 604 3701 Bassum
619 3653 693 3701 Cae·
745 3651 850 3717 loquial.
887 3652 928 3701 Cf.
944 3652 1007 3701 Intr-
1020 3650 1061 3718 89
