2575 4200
40 281 125 327 Fam.
141 293 182 327 11.
198 278 232 343 1.]
402 278 570 326 CICERO’S
595 277 768 324 LETTERS.
1059 276 1109 325 249

41 448 85 508 in
111 449 199 510 urbe
224 467 300 509 esse
324 467 527 528 quemquam
554 454 727 529 nostrum;
755 446 838 508 adeo
864 465 939 508 esse
964 444 1107 507 militum

42 556 246 618 concitatos
276 555 405 618 animos
434 564 468 617 et
501 554 618 636 plebis,
686 555 786 636 Quod
820 563 999 635 utrumque
1032 573 1107 615 esse

40 665 178 727 falsum
195 673 279 746 puto
296 685 355 727 vos
379 663 655 738 animadvertere,
675 671 776 744 atque
801 662 882 724 illud
900 682 974 725 esse
990 682 1106 724 verum

41 774 143 854 quod
163 772 299 835 Hirtius
316 773 579 846 demonstrabat,
594 771 715 834 timere
732 791 808 834 eum
826 791 877 845 ne,
894 770 922 833 si
938 770 1106 833 mediocre

42 881 216 944 auxilium
239 881 413 963 dignitatis
436 889 571 943 nostrae
595 880 839 954 habuissemus,
859 879 969 942 nullae
993 888 1106 967 partes

41 991 106 1053 his
140 990 176 1052 in
208 1010 244 1052 re
276 1011 307 1071 p.
343 989 621 1072 relinquerentur.
672 988 757 1052 Cum
790 988 824 1050 in
856 988 908 1051 his
941 988 1139 1070 angustiis²

43 1118 216 1174 versarer,
243 1098 403 1180 placitum
428 1076 480 1160 est
505 1098 585 1160 mihi
616 1106 654 1160 ut
670 1096 873 1179 postularem
904 1095 1105 1178 legationem

43 1207 194 1269 liberam
212 1206 294 1268 mihi
317 1206 520 1288 reliquisque
545 1206 679 1280 nostris,
705 1215 742 1268 ut
760 1205 870 1286 aliqua
887 1225 986 1268 causa
1010 1205 1105 1285 profi-

45 1314 204 1378 ciscendi
230 1314 376 1377 honesta
393 1323 618 1397 quaereretur.
669 1314 765 1376 Haec
791 1334 826 1376 se
849 1313 1105 1394 impetraturum

46 1423 225 1504 pollicitus
248 1432 310 1498 est,
330 1443 392 1484 nec
416 1431 530 1485 tamen
556 1422 811 1503 impetraturum
837 1422 986 1497 confido;
1011 1430 1106 1484 tanta

47 1540 106 1594 est
132 1531 309 1594 hominum
338 1530 519 1593 insolentia
551 1539 585 1592 et
613 1530 723 1593 nostri
754 1529 942 1594 insectatio.
991 1529 1045 1592 Ac
1078 1530 1106 1592 si

47 1639 208 1702 dederint
227 1641 316 1721 quod
333 1639 490 1721 petimus,
509 1648 623 1702 tamen
646 1638 745 1720 paulo
762 1647 837 1719 post
855 1639 1005 1701 futurum
1023 1647 1104 1720 puto

47 1757 90 1810 ut
108 1747 226 1810 hostes
244 1747 429 1811 iudicemur
445 1756 502 1810 aut
520 1767 607 1829 aqua
622 1756 657 1809 et
674 1747 744 1829 igni
760 1747 857 1809 nobis
875 1747 1103 1810 interdicatur.

51 1856 167 1938 ‘Quid
196 1875 276 1937 ergo
306 1853 379 1930 est,’
405 1856 526 1937 inquiS,
555 1855 623 1918 ‘tui
656 1853 815 1918 consili?'
879 1855 1019 1917 Dandus
1052 1864 1137 1931 est3

48 1963 147 2026 locus
172 1963 350 2027 fortunae:
375 1965 562 2027 cedendum
587 1984 628 2026 ex
655 1963 760 2038 Italia,
779 1964 989 2045 migrandum
1015 1962 1105 2025 Rho

49 2073 132 2136 dum
158 2081 216 2136 aut
248 2072 359 2155 aliquo
392 2082 555 2136 terrarum
587 2069 738 2137 arbitror.
789 2072 827 2136 Si
858 2071 975 2135 melior
1007 2093 1103 2135 casus

28 2256 33 2263 ι
48 2182 166 2256 fuerit,
187 2190 394 2244 revertemur
407 2183 549 2244 Romam
562 2203 570 2258 ;
594 2181 622 2243 si
640 2181 827 2255 mediocris,
840 2180 874 2243 in
889 2181 1002 2243 exsilio
1018 2181 1104 2243 vive-

51 2310 127 2353 mus
140 2310 149 2367 ;
177 2289 207 2352 si
230 2290 406 2371 pessimus
433 2291 475 2352 ad
500 2289 681 2352 novissima
704 2289 825 2352 auxilia
847 2290 1101 2353 descendemus.

52 2447 88 2511 by
100 2447 145 2495 the
157 2453 248 2495 senate
263 2448 328 2495 Mar.
344 2446 497 2496 18.—his:
514 2449 552 2496 ia.
605 2453 664 2495 tant
684 2447 804 2495 instance
828 2446 857 2494 of
877 2446 921 2494 the
943 2461 989 2495 use
1010 2446 1038 2493 of
1059 2446 1103 2495 the

52 2515 166 2576 Antony
176 2513 229 2561 and
241 2513 282 2561 his
293 2513 433 2562 followers.
604 2512 684 2561 word.
721 2512 762 2561 Cf.
782 2514 844 2561 Intr.
864 2526 877 2573 7
883 2525 903 2575 5.
911 2540 945 2548 —
954 2514 1102 2562 dederint:

88 2595 111 2627 2.
130 2580 270 2643 placitum
284 2588 339 2629 est:
352 2580 385 2627 ct.
398 2581 497 2629 licitum
509 2587 552 2638 cst,
605 2580 638 2628 cf.
652 2580 779 2635 dimisero,
794 2580 840 2641 Ep.
855 2580 913 2626 XV.
928 2593 941 2626 2
954 2595 978 2626 n.
987 2594 1103 2643 -aqua
1175 2578 1177 2580 ’

53 2647 226 2709 Ep.Lxxv.
238 2660 253 2709 3
265 2662 290 2693 n.
323 2647 347 2693 A
360 2646 499 2695 confusion
512 2646 554 2695 be
606 2681 639 2694 ..
660 2682 665 2694 .
686 2646 888 2695 interdicatur:
909 2646 954 2694 the
975 2646 1103 2695 technical

52 2721 139 2761 tween
168 2712 213 2760 the
242 2713 326 2761 active
362 2713 415 2760 and
449 2713 553 2776 passive
604 2712 699 2775 phrase
711 2712 753 2759 for
765 2712 941 2761 banishment.

51 2780 136 2827 forms
148 2779 171 2827 is
183 2778 332 2827 noticeable
349 2780 375 2827 in
394 2780 463 2844 early
476 2780 552 2827 Latin
638 2794 661 2842 3.
678 2779 774 2841 aliquo
787 2787 941 2827 terrarum:
954 2779 986 2828 cf.
996 2796 1046 2843 quo
1057 2787 1103 2828 ter-

52 2845 108 2895 and
135 2846 163 2893 in
187 2845 327 2909 colloquial
357 2846 436 2894 Latin
460 2846 489 2893 of
517 2847 552 2894 all
604 2862 705 2902 rarum,
730 2845 785 2892 Liv.
811 2860 848 2908 39.
875 2858 928 2908 54.;
957 2847 1001 2894 ubi
1024 2854 1103 2895 terra·

51 2911 553 2975 periods3see,e.g.,Guerickqdelin-
604 2929 673 2969 rum,
701 2912 755 2959 Cic.
782 2914 834 2959 Att.
866 2924 887 2977 5.
914 2926 951 2960 10.
975 2927 998 2973 4.
1045 2914 1102 2962 The

50 2997 118 3043 guae
139 2980 259 3042 Vulgaris
276 2980 405 3042 Reliquiis
420 2981 493 3040 apud
508 2981 553 3027 Pe·
603 2979 716 3041 limiting
738 2979 851 3040 genitive
869 2980 891 3027 is
908 2980 1022 3028 unusual
1039 2981 1101 3029 with

52 3048 178 3103 tranium,
190 3053 248 3105 etc,
260 3061 300 3111 49,
319 3045 370 3094 and
391 3046 505 3103 Ronsch,
519 3048 551 3093 lt.
603 3048 705 3109 aliqum
729 3045 762 3093 cf.
783 3046 835 3094 Cic.
854 3047 883 3092 in
907 3049 960 3095 Cat.
981 3060 1001 3093 1.
1023 3060 1102 3107 17.-

52 3131 77 3161 u.
95 3115 168 3176 Vulg.
179 3128 225 3178 297
237 3113 265 3161 ff.
291 3114 341 3162 See
353 3114 410 3161 also
422 3113 467 3161 the
476 3121 552 3161 state
605 3114 641 3161 ad
670 3114 830 3162 novissima
859 3113 983 3161 auxilia:
1012 3115 1048 3160 ia.
1072 3120 1101 3161 to

53 3188 126 3230 ment
146 3180 209 3228 with
232 3180 363 3229 reference
382 3187 409 3228 to
429 3180 473 3227 the
493 3196 553 3228 con·
604 3180 693 3228 armed
712 3181 860 3237 resistance,
874 3194 902 3227 as
920 3179 1050 3227 indicated
1067 3179 1102 3244 by

53 3248 182 3297 servative
213 3248 325 3296 element
355 3247 380 3295 in
410 3247 550 3310 colloquial
604 3247 649 3295 the
673 3247 802 3296 reference
826 3253 854 3294 to
881 3246 938 3295 Sex.
962 3247 1100 3308 Pompeius

54 3316 139 3372 Latin,
153 3314 217 3362 Intr.
231 3328 270 3374 70.
303 3315 335 3361 In
347 3314 460 3376 general,
474 3314 552 3362 collo
603 3314 655 3362 and
667 3315 765 3362 Bassus
775 3313 902 3362 Caecilius
910 3312 1101 3361 belom-no-

23 3392 29 3401 ‘
54 3382 123 3444 quial
144 3381 221 3429 Latin
238 3381 261 3428 is
274 3379 465 3443 distinguished
482 3380 551 3427 from
603 3381 741 3428 vissima:
777 3382 813 3427 ia.
837 3388 960 3437 extrema,
984 3395 1000 3427 a
1024 3380 1101 3427 collo-

53 3448 148 3497 formal
166 3448 244 3495 Latin
263 3446 297 3512 by
310 3462 327 3495 a
340 3447 393 3495 less
411 3447 504 3510 degree
522 3446 552 3494 of
603 3448 673 3511 quial
691 3462 770 3509 usage
788 3446 892 3495 noticed
911 3446 945 3511 by
958 3447 1041 3494 Varro
1061 3448 1101 3508 (de

54 3514 125 3579 fixity
142 3514 169 3561 in
188 3515 233 3562 the
250 3521 346 3561 matter
362 3514 392 3561 of
411 3514 480 3561 form
497 3512 551 3561 and
602 3514 678 3574 Ling.
697 3514 754 3561 Lat.
776 3512 799 3562 6.
821 3513 871 3577 59),
891 3513 943 3561 and
963 3513 1100 3577 employed

55 3580 466 3643 construction-legationem
479 3580 551 3628 libe·
602 3579 637 3643 by
659 3580 749 3627 Cicero
773 3579 800 3627 in
824 3595 874 3627 one
898 3579 927 3626 of
950 3579 991 3627 his
1011 3580 1101 3628 earlier

55 3661 134 3696 ram:
164 3646 198 3694 cf.
221 3649 304 3710 legati,
328 3648 376 3708 Ep.
402 3647 422 3693 I.
445 3660 458 3693 2
481 3662 505 3693 n.
518 3674 552 3681 —
602 3646 721 3694 orations
738 3646 802 3708 (pro
815 3648 886 3693 Rasc.
908 3648 976 3694 Com.
990 3646 1041 3709 30),
1054 3646 1101 3695 but

55 3714 199 3775 pollicitus
218 3720 277 3761 est:
295 3729 328 3760 sc.
346 3712 551 3761 Hirtius-in·
603 3712 741 3760 otherwise
769 3711 881 3760 avoided
910 3711 944 3775 by
972 3712 1026 3760 him
1056 3714 1099 3777 (cf.

56 3780 192 3829 sectatio:
210 3778 364 3844 apparently
377 3779 420 3827 the
439 3778 495 3827 first
509 3793 550 3825 ex·
603 3778 669 3827 Gell.
697 3792 733 3825 10.
759 3792 797 3825 21.
824 3777 891 3841 1f.);
915 3778 948 3826 cf.
967 3781 1102 3829 novissime
