2575 4200
347 235 514 283 CICERO'S
539 235 712 284 LETTERS.
1009 231 1056 286 175

22 245 66 278 rm.
83 247 107 278 2.
126 233 184 298 16.]

22 399 69 472 ei,
88 401 195 465 cuius
213 412 250 464 tu
268 402 409 466 similem
427 403 593 484 quondam
611 403 769 475 habebas,
788 404 847 464 sed
865 401 965 464 etiam
982 422 1057 466 ocu·

25 529 104 570 rum
135 509 175 572 in
202 511 373 572 hominum
399 510 614 572 insolentium
641 510 842 592 indignitate
873 510 1054 574 fastidium.

22 617 151 679 ,ccedit
181 619 282 680 etiam
308 619 448 681 molesta
471 619 552 682 haec
578 639 700 700 pompa
727 618 881 681 lictorum
907 639 1055 681 meorum

22 743 200 808 omenque
218 727 336 808 imperi
351 727 590 808 quoappellor.
641 727 692 790 Eo
718 727 745 788 si
771 747 872 788 onere
897 747 1053 801 carerem,

22 834 159 896 ramvis
184 835 295 916 parvis
322 835 439 897 Italiae
463 835 600 904 latebris
626 844 806 898 contentus
835 855 963 910 essem;
997 836 1055 897 sed

22 943 147 1004 reurrit
175 943 258 1006 haec
284 953 399 1005 nostra
426 942 537 1006 laurus
563 963 629 1006 non
656 943 763 1007 solum
788 943 821 1004 in
847 943 969 1017 oculos,
997 944 1055 1006 sed

22 1069 59 1110 m
89 1050 201 1113 etiam
234 1051 268 1112 in
295 1052 428 1114 voculas
460 1052 705 1114 malevolorum.
771 1051 870 1132 Quod
903 1072 977 1114 cum
1010 1052 1056 1113 ita

22 1167 103 1232 sset,
141 1159 189 1220 nil
222 1170 334 1221 tamen
365 1144 519 1242 umquam
552 1160 593 1221 de
627 1159 835 1241 profectione
868 1159 932 1220 nisi
960 1159 1054 1222 vobis

22 1267 273 1345 pprobantibus
298 1267 450 1350 cogitavi.
502 1267 569 1330 Sed
599 1288 673 1330 mea
698 1268 865 1348 praediola
890 1267 952 1329 tibi
978 1278 1056 1330 nota

22 1384 96 1450 rnt;
128 1375 164 1437 in
183 1375 235 1438 his
252 1375 333 1437 mihi
351 1395 489 1438 necesse
514 1385 565 1437 est
591 1395 665 1437 esse
691 1396 733 1437 ne
757 1377 871 1438 amicis
895 1377 1055 1439 molestus

22 1481 74 1543 lm.
135 1480 235 1565 Quod
259 1493 370 1546 autem
397 1483 430 1545 in
455 1483 630 1546 maritimis
655 1484 811 1546 facillime
829 1505 919 1557 sum,
938 1505 1055 1546 moveo

23 1591 182 1654 ormullis
207 1591 431 1672 suspicionem
456 1592 541 1654 velle
566 1612 618 1653 me
643 1593 808 1672 navigare,
831 1593 917 1672 quod
944 1602 1055 1654 tamen

22 1707 156 1761 ortasse
171 1719 237 1762 non
251 1700 383 1774 nollem,
397 1699 425 1762 si
442 1719 574 1781 possem
588 1701 629 1761 ad
647 1687 766 1774 o'tium3
785 1720 860 1761 nam
874 1701 915 1761 ad
933 1700 1055 1762 bellum

22 1805 144 1885 uidem
161 1807 217 1888 qui
235 1807 414 1870 convenit?
447 1808 643 1889 praesertim
662 1818 779 1870 contra
795 1827 870 1868 eum
889 1809 940 1870 cui
959 1829 1055 1888 spero

22 1932 57 1974 ne
85 1914 172 1978 satis
195 1915 327 1990 fecisse,
345 1916 387 1978 ab
407 1935 446 1977 eo
472 1916 525 1978 cui
551 1915 614 1977 iam
640 1916 721 1977 satis
746 1916 818 1977 fieri
843 1916 933 1977 nullo
958 1916 1055 1977 modo

22 2030 133 2085 otest.
184 2023 316 2086 Deinde
334 2023 536 2088 sententiam
560 2044 667 2085 meam
689 2033 727 2085 tu
751 2023 908 2086 facillime
933 2025 1090 2106 perspi-3

22 2149 83 2193 :ere
110 2132 250 2213 potuisti
277 2132 341 2195 iam
366 2134 407 2195 ab
432 2132 488 2196 illo
512 2142 673 2213 tempore,
701 2153 775 2195 cum
804 2132 838 2193 in
870 2132 1055 2194 Cumanum

22 2237 90 2300 nihi
117 2239 249 2302 obviam
275 2241 406 2304 venisti.
462 2241 539 2302 Non
565 2241 654 2302 enim
680 2250 714 2302 te
739 2240 843 2302 celavi
868 2261 1055 2301 sermonem
1125 2312 1132 2328 ,

22 2344 46 2407 l.
62 2346 185 2429 Ampi;
201 2348 314 2411 vidisti
326 2369 424 2430 quam
441 2349 654 2411 abhorrerem
672 2348 714 2410 ab
731 2349 811 2411 urbe
829 2348 1054 2430 relinquenda,
1110 2417 1114 2423 .

22 2522 175 2579 yuondam:
194 2521 299 2570 Caelius
314 2521 366 2571 had
383 2522 507 2586 formerly

22 2586 140 2650 elonged
158 2596 186 2636 to
205 2588 249 2636 the
267 2589 405 2637 senatorial
424 2597 505 2652 party.

22 2654 206 2704 —hominum
236 2655 441 2704 insolentium:
473 2656 505 2703 ef.

22 2722 181 2777 molentium,
207 2722 262 2783 Epa
281 2722 308 2768 L.
336 2730 506 2785 5.—nostra

22 2797 128 2837 eurus:
154 2787 187 2835 cf.
200 2788 287 2850 fasces
304 2790 438 2844 laureatos,
458 2790 505 2851 Ep.

22 2850 91 2900 (LV.
105 2868 152 2918 5n.
161 2855 330 2903 —voculas:
343 2854 387 2903 the
400 2854 507 2902 diminu-

22 2915 60 2966 ive
69 2936 206 2983 expresses
214 2929 355 2983 contempt.
369 2921 426 2969 The
435 2937 506 2969 same

22 2986 86 3043 vord,
101 3002 130 3035 as
143 2986 208 3035 used
220 2987 246 3033 in
266 2988 313 3049 Ep.
328 2988 376 3035 IX.
392 3002 401 3034 1
420 2988 506 3051 (recre-

22 3055 90 3101 indae
102 3056 205 3101 voculae
217 3053 312 3116 causa),
329 3054 376 3102 has
388 3054 422 3102 its
435 3061 515 3103 natu*

22 3118 46 3164 ‘al
69 3120 225 3168 diminutive
248 3120 326 3174 force,
352 3127 409 3184 ‘my
432 3121 506 3169 weak

22 3184 98 3234 voice)
111 3214 144 3221 —
160 3187 306 3249 praediola
323 3204 328 3233 :
368 3186 431 3235 used
465 3187 507 3234 for

22 3252 151 3317 nodesty's
169 3253 240 3309 sake,
256 3254 330 3300 while
349 3255 447 3313 specula
468 3254 505 3317 (5)

22 3320 110 3379 mplies
133 3328 178 3367 not
203 3320 259 3367 that
283 3320 327 3367 the
352 3320 420 3382 hope
445 3320 466 3367 is
492 3335 507 3367 a

22 3380 74 3433 'aint
99 3400 156 3441 one,
175 3385 222 3433 but
244 3385 299 3433 that
321 3385 365 3433 the
386 3386 506 3447 personal

22 3451 68 3508 gain
81 3461 108 3499 to
122 3453 260 3501 Dolabella
270 3453 290 3500 is
300 3468 316 3499 a
325 3453 400 3499 small
409 3452 504 3500 advan-

22 3530 71 3579 :age
88 3519 112 3565 in
130 3520 296 3581 comparison
310 3519 371 3567 with
390 3519 434 3567 the
452 3520 505 3567 loss

22 3582 91 3632 vhich
105 3586 148 3633 the
160 3593 229 3634 state
241 3585 343 3633 suffers.
353 3612 386 3619 —
396 3586 506 3633 mariti-

22 3650 82 3699 mis:
101 3669 131 3699 sc.
148 3652 300 3713 praediolis.
336 3652 428 3699 Cicero
453 3666 505 3699 was

22 3722 41 3763 st
58 3718 159 3769 Cumae.
170 3746 204 3753 -
214 3718 369 3768 facillime:
388 3718 420 3767 cf.
440 3719 503 3765 Intr.

558 2522 573 2570 8
578 2534 633 2585 5.—
641 2522 677 2569 ad
687 2521 790 2571 otium:
801 2520 948 2583 depending
956 2521 1056 2585 loosely

557 2587 1056 2717 ifbnbllllfffllflcllevserlil)itii}
1069 2665 1074 2674 ·

558 2721 660 2769 archaic
679 2721 810 2780 ablative3
835 2721 867 2768 cf.
887 2722 950 2768 Intr.
974 2721 1056 2768 81.—

558 2795 659 2837 contra
672 2802 756 2836 eum:
774 2790 811 2835 i.e.
827 2790 968 2835 Caesarem.
978 2791 1054 2837 —ab

559 2869 601 2913 eo,
623 2870 656 2901 on
675 2855 716 2901 his
735 2855 809 2911 side;
832 2871 864 2901 sc.
883 2854 927 2901 the
950 2854 1006 2902 side
1026 2855 1055 2901 of

559 2922 682 2983 Pompey.

591 3002 614 3051 3.
641 2987 757 3036 obviam
781 2987 905 3034 venisti:
930 3004 961 3034 sc.
980 2987 1054 3035 when

559 3054 652 3101 Cicero
677 3053 797 3102 returned
823 3053 890 3099 from
916 3054 1055 3101 Cilicia.-

559 3120 593 3167 T.
604 3121 693 3182 Ampi
704 3120 818 3182 (Balbip
834 3134 884 3166 one
897 3120 926 3166 of
938 3119 1054 3167 Cicero's

558 3187 739 3248 predecessore
756 3202 784 3234 as
802 3201 931 3247 governor
948 3186 977 3232 of
995 3186 1054 3233 Cili·

558 3254 597 3301 cia
617 3254 659 3317 (cf.
673 3256 745 3301 bom.
768 3267 786 3299 r.
806 3266 828 3315 3.
845 3253 879 3313 2),
892 3252 944 3299 and
961 3251 1054 3314 during

558 3320 602 3367 the
621 3320 689 3367 Civil
709 3320 773 3367 War
790 3334 822 3366 an
841 3327 956 3366 extreme
981 3319 1052 3365 Pom-

557 3386 631 3448 peian
647 3386 690 3448 (ef.
704 3386 770 3434 Vell.
785 3387 884 3433 Patere.
898 3400 919 3432 2.
933 3400 982 3444 4o;
998 3385 1052 3432 Cic.

557 3454 630 3499 bbm.
644 3452 667 3501 6.
684 3466 719 3499 12.
740 3455 861 3516 3).-ab
879 3455 949 3500 urbe
967 3452 1054 3499 relin-

557 3520 691 3581 quenda:
720 3519 762 3565 for
792 3519 906 3566 Cicero's
931 3518 987 3566 first
1009 3518 1053 3565 im·

556 3586 698 3647 pressioris·
712 3586 740 3632 of
763 3584 808 3633 the
825 3584 934 3632 wisdom
957 3584 986 3632 of
1005 3584 1054 3633 >the

559 3652 714 3713 Pompeians
732 3651 758 3698 in
776 3650 942 3713 abandoning
961 3651 1053 3710 Rome,

556 3718 588 3765 cf.
602 3720 656 3766 Att.
670 3731 692 3779 7.
707 3731 744 3767 10.
776 3718 825 3766 See
837 3718 893 3766 also
906 3718 955 3782 Ep.
968 3718 1053 3767 XLV.
1081 3783 1084 3789 ι
