2575 4200
185 221 233 274 170
500 222 668 272 crcnno’s
693 223 867 273 currens.
1054 222 1117 289 [up.
1132 221 1258 272 ΧΠ)

186 390 264 466 Sed,
290 399 327 454 ut
353 409 393 454 eo
421 399 573 472 tempore
599 408 667 452 non
694 389 793 453 modo
819 389 892 472 ipse
918 389 1032 454 fautor
1055 388 1254 472 dignitati

185 508 263 562 tuae
278 498 337 574 fui,
356 519 471 561 verum
488 498 589 561 etiam
607 497 730 562 ceteris
747 499 921 562 auctor-ad
945 508 980 562 te
996 499 1258 562 adiuvandum

185 607 234 670 sic
258 626 312 668 me
337 626 425 669 nunc
452 605 588 688 Pompei
612 605 760 688 dignitas
782 605 1001 670 vehementer
1024 615 1156 684 movet;
1192 606 1259 668 ali

185 724 266 797 quot
290 715 379 778 enim
405 723 484 777 sunt
509 714 588 778 anni
616 735 692 778 cum
717 734 776 777 vos
804 715 870 778 duo
898 715 1009 798 delegi
1032 735 1118 797 quos
1144 735 1260 796 prae·

185 823 283 904 cipue
300 823 443 886 colerem
461 832 496 885 et
513 822 633 904 quibus
650 842 770 899 essem,
789 823 876 886 sicut
894 843 979 899 sum,
997 823 1254 887 amicissimus

152 967 167 1018 3
187 931 451 1014 Quamobrema
472 939 506 995 te
531 939 608 1012 peto
625 930 678 994 vel
704 931 815 1012 potius
839 931 994 994 omnibus
1018 941 1052 993 te
1076 932 1260 1023 precibus

186 1059 243 1102 oro
261 1048 294 1102 et
312 1040 465 1102 obtestor
481 998 518 1100 lit
535 1038 568 1100 in
587 1039 655 1102 tuis
675 1039 828 1102 maximis
854 1039 942 1121 curis
966 1038 1090 1121 aliquid
1116 1039 1261 1120 imper-

186 1147 250 1210 tias
267 1146 428 1229 temporis
448 1146 526 1210 huic
542 1166 675 1230 quoque
699 1147 904 1229 cogitationi,
923 1156 960 1210 ut
985 1157 1045 1209 tuo
1068 1147 1259 1209 beneficio

186 1256 294 1319 bonus
310 1255 368 1330 vir,
388 1263 512 1337 gratus
532 1256 606 1337 pius
627 1254 772 1338 denique
787 1274 862 1318 esse
880 1254 912 1317 in
929 1255 1065 1318 maximi
1089 1255 1257 1317 benefici

186 1363 346 1426 memoria
367 1363 503 1444 possim.
553 1359 650 1446 Quae
674 1363 704 1426 si
727 1371 858 1425 tantum
883 1363 925 1425 ad
948 1383 1003 1424 me
1028 1362 1138 1444 ipsum
1165 1383 1255 1444 per-

186 1471 345 1546 tinerent,
364 1491 532 1553 sperarem
557 1491 611 1532 me
635 1490 655 1533 a
678 1479 714 1534 te
738 1479 851 1533 tamen
877 1470 1145 1552 impetraturum,
1165 1471 1248 1544 sed,

186 1588 223 1642 ut
240 1579 391 1654 arbitror,
410 1587 444 1642 et
461 1579 502 1642 ad
519 1588 611 1642 tuam
628 1579 728 1650 iidem
751 1587 784 1641 et
809 1579 850 1642 ad
875 1598 944 1640 rem
969 1577 1138 1660 publicam
1165 1599 1251 1660 per-

117 1746 122 1754 .
186 1687 272 1750 tinet
301 1708 364 1762 me,
389 1695 422 1750 et
448 1685 538 1769 pacis
567 1695 601 1750 et
633 1687 807 1769 utriusque
834 1695 983 1750 vestrum
1011 1686 1167 1760 amicum,
1199 1688 1247 1748 ad

186 1805 332 1859 vestram
350 1804 383 1858 et
404 1797 445 1860 ad
470 1795 591 1880 civium
613 1795 824 1860 concordiam
850 1815 909 1877 per
933 1803 1082 1876 tequam
1106 1815 1248 1858 accom-

187 1904 453 1967 modatissimum
486 1903 684 1992 conservari.
751 1904 835 1985 Ego,
861 1923 936 1967 cum
969 1911 1070 1965 antea
1101 1903 1166 1965 tibi
1197 1904 1244 1965 de

189 2012 335 2075 Lentulo
353 2010 476 2095 gratias
494 2011 650 2094 egissem,
668 2031 744 2075 cum
761 2012 791 2074 ei
808 2010 917 2086 saluti,
935 2011 991 2093 qui
1008 2010 1090 2073 mihi
1109 2010 1241 2084 fuerat,

186 2121 320 2196 fuisses,
339 2131 409 2184 tum
427 2120 523 2185 lectis
548 2120 620 2183 eius
644 2119 767 2183 litteris
791 2140 873 2202 quas
897 2120 938 2183 ad
962 2140 1016 2182 me
1040 2120 1240 2202 gratissimo

186 2228 299 2291 animo
324 2229 366 2291 de
394 2238 453 2291 tua
480 2228 680 2291 liberalitate
706 2228 936 2310 beneficioque
963 2228 1064 2303 misit,
1090 2229 1238 2291 eandem

188 2357 241 2399 me
262 2336 403 2399 salutem
428 2346 505 2399 ate
530 2336 702 2417 accepisse
726 2336 840 2418 putavi
856 2314 954 2418 quarn
979 2335 1050 2413 ille;
1074 2336 1108 2398 in
1132 2356 1237 2418 quem

188 2444 216 2507 si
233 2464 286 2507 me
303 2443 473 2526 intellegis
490 2464 565 2507 esse
582 2454 724 2526 gratum,
744 2463 830 2520 cura,
849 2445 998 2519 obsecro,
1016 2452 1053 2506 ut
1074 2442 1176 2507 etiam
1202 2444 1235 2505 in

189 2553 381 2635 Pompeium
399 2572 475 2615 esse
491 2552 627 2633 possim.

188 2709 340 2772 consulship
351 2710 427 2758 while
444 2708 537 2758 absent
554 2708 622 2757 from
639 2708 685 2757 the
735 2708 852 2758 strained
872 2716 900 2756 to
918 2723 1015 2772 appear
1031 2716 1059 2756 at
1078 2709 1164 2757 Rome
1183 2706 1234 2756 and

188 2776 246 2841 city.
283 2776 324 2824 Cf.
344 2777 391 2839 Ep.
406 2777 494 2824 XLII.
506 2775 601 2824 introd.
613 2783 684 2833 note,
736 2775 797 2824 thus
809 2776 865 2823 lose
877 2791 920 2839 my
931 2776 1033 2824 neutral
1044 2774 1172 2838 position,
1183 2773 1233 2823 and

188 2842 240 2890 and
253 2842 316 2890 Intr.
330 2841 368 2891 26.
735 2842 796 2890 with
806 2842 826 2890 it
836 2858 878 2906 my
887 2842 975 2906 ability
983 2849 1011 2890 to
1020 2857 1233 2905 secureapeace·

222 2922 245 2973 3.
258 2908 365 2971 aliquid
374 2910 524 2971 impertias
532 2909 684 2972 temporis:
734 2907 774 2956 ful
792 2908 906 2957 solution
927 2908 957 2955 oi
980 2907 1024 2956 the
1047 2915 1152 2971 present
1173 2907 1232 2956 diffi-

188 2975 230 3024 for
253 2976 367 3024 Cicero’s
394 2984 539 3024 comments
568 2991 602 3023 on
632 2976 685 3024 this
735 2976 899 3040 culty.—de
914 2974 1049 3023 Lentulo:
1068 2974 1164 3023 Cicero
1183 2972 1232 3021 had

188 3042 289 3105 phrase,
314 3058 357 3090 see
381 3045 432 3090 Art.
457 3042 480 3090 8.
506 3057 528 3105 9.
555 3050 684 3091 1.-tuo
736 3041 852 3089 thanked
864 3042 962 3089 Caesar
973 3041 999 3088 in
1016 3055 1032 3088 a
1048 3040 1173 3103 previous
1192 3042 1232 3088 let·

188 3109 346 3158 beneficio:
363 3126 394 3156 sc.
407 3110 432 3156 in
449 3117 494 3157 not
511 3108 613 3171 forcing
629 3108 683 3155 him
736 3108 832 3156 terior
849 3108 889 3155 his
907 3107 1054 3171 generosity
1065 3107 1092 3154 in
1110 3106 1231 3167 allowing

190 3183 217 3224 to
228 3176 287 3238 give
300 3191 334 3237 up
347 3176 386 3223 his
398 3176 544 3239 neutrality‚
558 3174 609 3223 and
621 3174 683 3223 thus
736 3175 862 3222 Lentulus
876 3173 1006 3236 Spinther,
1019 3173 1078 3221 who
1094 3171 1146 3221 had
1166 3172 1231 3221 been

188 3243 304 3304 losinga
320 3242 417 3291 chance
435 3250 462 3290 to
481 3242 541 3304 help
561 3242 684 3305 Pompey.
735 3240 859 3303 captured
871 3248 898 3287 at
916 3239 1069 3296 Corfinium,
1083 3247 1111 3287 to
1122 3254 1159 3301 go
1172 3240 1230 3287 free.

188 3309 311 3371 —pius:
334 3326 365 3356 sc.
383 3309 409 3356 in
428 3307 616 3369 remembering
639 3307 684 3355 the
736 3307 789 3354 For
806 3307 926 3355 Caesar’s
944 3306 1022 3371 reply,
1041 3305 1074 3354 cf.
1088 3307 1140 3353 Att.
1155 3320 1181 3368 9.
1198 3304 1229 3353 rh

189 3375 252 3440 duty
268 3376 302 3423 he
323 3374 396 3423 owed
419 3383 447 3422 to
471 3375 511 3422 his
534 3373 579 3422 old
599 3372 684 3422 friend
735 3374 772 3421 At
801 3373 853 3422 this
882 3373 944 3420 time
974 3373 1101 3421 Lentulus
1123 3387 1181 3421 was
1208 3379 1231 3419 at

190 3443 311 3505 Pompey.
321 3470 354 3477 -
363 3442 399 3489 ad
411 3449 491 3490 tuam
504 3441 606 3489 fidem:
620 3441 684 3489 Cae·
736 3440 853 3499 Puteoli;
865 3439 960 3486 ciam.
972 3452 995 3501 9.
1009 3452 1046 3485 11.
1062 3452 1123 3485 1.—
1132 3439 1187 3501 qui

188 3523 230 3556 sar
252 3507 364 3573 steadily
386 3506 545 3555 maintained
570 3506 627 3555 that
650 3506 684 3555 he
735 3506 845 3556 iuerat:
863 3506 889 3552 in
900 3518 928 3569 57
940 3505 1230 3554 ncLentulusascon-

188 3573 289 3623 desired
306 3589 393 3637 peace.
404 3587 495 3636 —per
511 3581 539 3621 te
553 3608 558 3619 .
572 3607 579 3620 .
594 3608 600 3620 .
614 3586 685 3622 con·
735 3574 775 3621 sul
788 3572 841 3621 had
852 3570 957 3619 worked
973 3571 1015 3619 for
1027 3571 1143 3620 Cicero’s
1157 3571 1230 3621 recall

188 3641 312 3693 servari:
333 3643 370 3691 τῖε.
389 3640 447 3691 that
472 3640 484 3688 Ι
506 3640 604 3690 henot
625 3654 684 3689 con·
734 3638 803 3688 from
815 3639 888 3689 exile.
924 3637 965 3688 Cf.
978 3638 1035 3688 also
1047 3638 1096 3702 Ep.
1110 3638 1189 3687 XIV.
1202 3653 1220 3687 2.
