2575 4200
199 232 229 283 12
537 230 704 277 crcuno’s
729 230 903 277 currens.
1127 228 1229 291 [spu

198 400 298 461 etiam
324 418 437 461 amore
461 418 569 472 usum,
596 417 682 479 quae
706 406 740 459 te
765 396 974 471 delectarint,
1000 396 1182 471 hominem,
1206 405 1233 458 ut

198 528 261 590 ego
286 526 419 587 semper
443 506 595 581 iudicavi,
623 507 657 567 in
682 507 773 567 omni
797 504 919 568 iudicio
945 504 1233 587 elegantissimum,
1260 472 1271 590 l,

165 635 282 697 zquae
307 635 360 677 me
385 614 487 696 digna
510 614 649 695 putaris
668 614 841 677 coemisse.
892 613 960 677 Sed
984 613 1085 675 velim
1111 622 1234 676 maneat
1268 639 1271 651 ·

198 724 423 805 Damasippus
441 723 475 784 in
494 722 678 798 sententia;
703 742 839 803 prorsus
857 721 947 784 enim
965 742 1004 784 ex
1029 721 1104 784 istis
1128 721 1234 803 empti·
1265 661 1273 757 l

197 832 318 895 onibus
350 830 475 894 nullam
507 831 678 907 desidero,
711 840 749 893 tu
781 840 894 893 autem
926 830 1063 911 ignarus
1096 810 1233 893 instituti

197 940 272 1015 mei,
291 939 408 1022 quanti
425 960 488 1021 ego
510 959 617 1021 genus
642 938 779 1001 omnino
804 938 975 1021 signorum
1001 938 1151 1001 omnium
1176 958 1233 999 non

197 1048 347 1121 aestim0,
381 1048 468 1110 tanti
500 1047 568 1137 ista
597 1056 756 1128 quattuor
788 1056 844 1109 aut
876 1045 1026 1127 quinque
1058 1045 1232 1127 sumpsisti.
1268 1049 1275 1114 l

198 1156 346 1220 Bacchas
370 1156 452 1218 istas
476 1176 552 1219 cum
578 1154 686 1217 Musis
708 1154 840 1216 Metelli
860 1174 1042 1235 comparas.
1093 1153 1184 1235 Quid
1202 1152 1234 1215 si·
1269 1153 1275 1188 ³

197 1264 297 1327 mile?
346 1264 489 1345 primum
507 1263 597 1344 ipsas
614 1283 678 1344 ego
696 1263 811 1324 Musas
830 1282 1011 1343 numquam
1029 1262 1116 1323 tanti
1133 1271 1234 1343 putas·
1269 1231 1276 1366 l

197 1393 277 1448 sem,
296 1381 396 1453 atque
414 1372 446 1433 id
468 1371 626 1433 fecissem
654 1369 762 1432 Musis
787 1370 942 1432 omnibus
968 1370 1233 1451 approbantibus,
1273 1369 1276 1434 l

197 1481 256 1543 sed
284 1489 397 1543 tamen
424 1488 493 1541 erat
519 1489 634 1560 aptum
660 1478 884 1541 bibliothecae
907 1478 1094 1559 studiisque
1119 1476 1235 1539 nostris

197 1609 401 1671 congruens;
428 1587 568 1650 Bacchis
586 1607 664 1649 vero
681 1586 739 1649 ubi
756 1596 807 1649 est
825 1587 912 1667 apud
932 1606 985 1648 me
1008 1585 1125 1648 locus?
1176 1584 1235 1645 ‘At

196 1696 381 1779 pulchellae
399 1694 498 1759 sunt.’
526 1695 614 1757 Novi
631 1694 758 1775 optime
775 1704 809 1756 et
826 1714 926 1775 saepe
939 1694 1023 1757 vidi:
1045 1693 1235 1756 nominatim

196 1805 257 1867 tibi
275 1794 470 1887 signamihi
485 1812 566 1866 nota
582 1804 804 1877 mandassem,
820 1802 849 1865 si
865 1803 1075 1883 probassem;
1098 1822 1137 1864 ea
1153 1801 1235 1864 enim

197 1913 294 1995 signa
310 1932 373 1995 ego
390 1932 499 1975 emere
518 1912 617 1985 sole0,
637 1931 723 1993 quae
739 1911 780 1973 ad
798 1910 1051 1973 similitudinem
1076 1909 1236 1994 gymnasi-

196 2042 291 2084 orum
316 2029 478 2084 exornent
501 2019 582 2081 mihi
607 2018 640 2081 in
666 2019 832 2100 palaestra
856 2018 976 2081 locum.
1028 2018 1147 2080 Martis
1163 2036 1235 2079 vero

197 2130 330 2212 signum
348 2149 415 2212 quo
440 2129 529 2203 mihi,
549 2128 640 2209 pacis
666 2128 818 2190 auctori?
868 2127 1007 2190 Gaudeo
1032 2127 1159 2189 nullum
1187 2126 1236 2189 Sa-

196 2238 287 2301 turni
304 2238 438 2320 signum
454 2237 576 2313 fuisse;
593 2237 675 2298 haec
693 2236 781 2298 enim
795 2237 861 2297 duo
879 2235 975 2316 signa
991 2244 1144 2315 putarem
1161 2233 1236 2297 mihi

196 2366 253 2409 aes
271 2345 415 2431 alienum
433 2344 596 2408 attulisse.
643 2344 791 2406 Mercuri
808 2343 940 2405 mallem
957 2342 1089 2424 aliquod
1106 2342 1247 2405 fuissetz.

164 2453 534 2534 3lelicius‚put0,cum
552 2451 697 2513 Avianio
713 2451 901 2532 transigere
917 2471 1104 2532 possemus.
1143 2449 1236 2532 Quod
1277 2441 1279 2512 l

231 2609 253 2642 2.
273 2593 470 2656 Damasippus
481 2591 532 2639 had
541 2593 694 2656 apparently
745 2590 787 2640 tor
795 2608 811 2639 a
821 2607 881 2639 man
890 2591 948 2639 who
958 2591 1050 2654 prided
1059 2591 1164 2640 himself
1171 2606 1236 2654 upon

196 2659 328 2724 promised
351 2668 380 2707 to
404 2659 465 2707 take
489 2659 533 2706 the
554 2667 654 2707 statues
673 2658 694 2706 if
745 2657 1023 2720 beingaduxtogatus.
1061 2659 1103 2706 Cf.
1115 2661 1167 2706 Cat.
1179 2673 1200 2722 3.
1211 2670 1236 2719 23

198 2728 259 2791 they
271 2725 316 2774 did
328 2733 375 2774 not
386 2727 475 2789 please
494 2726 694 2787 Cicero—ge·
745 2727 823 2787 togati
845 2740 884 2772 me
902 2741 953 2772 uno
973 2731 1053 2786 togato
1072 2725 1135 2772 duce
1153 2731 1178 2772 et
1197 2726 1237 2771 im·

197 2807 252 2842 nus
262 2793 380 2841 omnino
391 2793 541 2855 signorum
553 2792 692 2839 omniurn.
740 2798 860 2853 peratore
876 2793 1019 2838 variatis-
1029 2805 1080 2838 aes
1096 2792 1235 2840 alienum:

196 2862 236 2907 all
258 2861 299 2907 the
321 2867 414 2907 statues
436 2861 465 2906 in
492 2860 533 2905 tlte
558 2859 647 2905 world.
661 2887 694 2893 —
746 2858 791 2906 the
802 2858 893 2920 quaint
911 2865 1043 2905 comment
1060 2857 1089 2904 of
1108 2858 1236 2905 Manutius

199 2926 296 2974 Musis
321 2925 447 2974 Metelli:
477 2932 577 2972 statues
598 2924 624 2971 iu
649 2924 693 2972 the
745 2924 778 2972 is:
796 2926 894 2972 Martis
911 2926 979 2971 enim
998 2931 1022 2971 et
1038 2926 1153 2972 Saturni
1166 2926 1236 2985 signa
1277 2929 1279 2972 ἓ

196 2993 348 3055 possession
372 2992 401 3039 of
431 2991 561 3039 Metellus.
574 3019 607 3026 -
620 2992 692 3038 tanti
746 2993 816 3040 nihil
829 2998 980 3052 prosperum
993 2993 1153 3051 promittere,
1164 2997 1236 3036 astro
1277 2985 1279 3005 ²

198 3068 364 3123 putassem:
387 3076 419 3106 sc.
441 3074 470 3107 as
493 3073 544 3122 you
568 3056 629 3119 pald
652 3058 694 3104 for
746 3060 798 3120 logi
813 3057 984 3120 confirmant:
1010 3059 1092 3112 stulte,
1111 3058 1159 3120 qui
1178 3056 1237 3103 drui-

197 3142 262 3191 your
275 3125 545 3174 Bacchae—Musis
558 3125 693 3172 omnibus
746 3126 873 3171 nationem
892 3140 978 3171 rerum
991 3124 1161 3185 futurarum,
1179 3137 1239 3185 quac
1277 3176 1279 3181 ‚

197 3192 436 3255 approbantibus:
452 3191 496 3238 the
511 3192 600 3238 Muses
613 3190 693 3238 them·
745 3193 794 3238 soli
811 3192 867 3238 Deo
884 3197 956 3238 notae
972 3197 1039 3245 sunt,
1057 3191 1095 3236 ad
1109 3206 1181 3238 suom
1200 3188 1237 3235 sci·
1277 3203 1279 3252 ;

197 3260 281 3306 selves
304 3258 390 3306 would
413 3265 460 3305 not
484 3258 550 3304 have
571 3256 636 3304 been
658 3257 694 3304 of·
745 3258 840 3305 entiam
862 3256 1174 3305 revocent-Mercuri:
1198 3255 1238 3302 the
1277 3254 1279 3299 i

196 3325 293 3373 {ended
306 3334 333 3373 at
351 3324 428 3386 being
446 3323 518 3372 rated
536 3332 563 3372 at
582 3339 597 3372 a
614 3325 693 3372 lower
745 3323 797 3386 god
820 3322 850 3371 of
872 3322 943 3385 good
967 3323 1035 3379 luck,
1055 3323 1194 3387 especially
1215 3321 1237 3368 in
1277 3368 1278 3371 ,

196 3393 266 3454 price
279 3391 342 3438 than
361 3407 412 3455 you
430 3390 491 3453 pald
508 3390 550 3438 for
569 3391 613 3438 the
633 3391 694 3438 Bac·
745 3405 840 3455 money
849 3398 975 3447 matters;
993 3389 1025 3437 cf.
1040 3389 1107 3436 Hor.
1120 3392 1173 3437 Sat.
1184 3403 1205 3435 2.
1217 3401 1236 3450 3.
1277 3382 1279 3444 l

197 3459 390 3517 chae—erat,
403 3459 491 3505 would
507 3458 570 3504 have
588 3460 694 3505 beem-
745 3455 777 3504 68
794 3459 882 3505 reiecto
899 3457 1006 3518 praeda,
1023 3472 1100 3518 quam
1121 3464 1237 3518 praesens
1277 3448 1279 3499 l

198 3525 328 3573 Martis.
348 3524 479 3587 ..pacis
501 3525 624 3572 auctori:
649 3524 694 3572 the
744 3525 893 3572 Mercurius
905 3525 983 3586 fert;
1004 3524 1073 3570 Pers.
1091 3522 1115 3570 6.
1134 3523 1166 3571 62
1186 3536 1236 3568 sum
1277 3522 1279 3579 l

198 3591 315 3639 Bacchae
323 3591 350 3638 in
358 3590 473 3638 Cicero’s
483 3589 560 3654 study
568 3590 654 3638 would
661 3589 694 3638 be
744 3591 791 3637 tibi
801 3591 966 3646 Mercurius·
983 3591 1055 3636 venio
1067 3590 1131 3636 deus
1141 3590 1190 3636 huc
1200 3602 1237 3646 ego
1277 3594 1278 3597 ’

197 3656 293 3705 absurd
309 3657 421 3719 enough,
438 3656 484 3704 but
501 3656 545 3703 the
561 3665 648 3704 statue
666 3656 695 3703 ol
744 3663 774 3703 ut
801 3657 845 3703 ille
875 3657 1015 3717 pinguium·
1050 3654 1101 3702 and
1136 3656 1236 3702 Plautus

198 3725 269 3771 Mars
277 3721 364 3771 would
371 3722 403 3770 be
411 3723 464 3772 still
474 3737 545 3770 more
553 3722 694 3770 ridiculous
745 3723 841 3782 Amph.
853 3736 958 3780 1-14.—
966 3721 1096 3769 felicius.
1112 3756 1119 3768 .
1133 3729 1236 3769 ,trans
