<?xml version="1.0" encoding="UTF-8"?>
<!DOCTYPE html PUBLIC "-//W3C//DTD XHTML 1.0 Transitional//EN"
    "http://www.w3.org/TR/xhtml1/DTD/xhtml1-transitional.dtd">
<html xmlns="http://www.w3.org/1999/xhtml" xml:lang="en" lang="en">
 <head>
  <title>
</title>
<meta http-equiv="Content-Type" content="text/html;charset=utf-8" />
  <meta name='ocr-system' content='tesseract 3.04.00' />
  <meta name='ocr-capabilities' content='ocr_page ocr_carea ocr_par ocr_line ocrx_word'/>
</head>
<body>
  <div class='ocr_page' id='page_1' title='image "./selectedletters00unkngoog_0232.png"; bbox 0 0 2575 4200; ppageno 0'>
   <div class='ocr_carea' id='block_1_1' title="bbox 228 207 1253 301">
    <p class='ocr_par' dir='ltr' id='par_1_1' title="bbox 228 207 1253 301">
     <span class='ocr_line' id='line_1_1' title="bbox 228 207 1253 301; baseline -0.009 -11"><span class='ocrx_word' id='word_1_1' title='bbox 228 237 276 290; x_wconf 82' lang='lat'>150</span> <span class='ocrx_word' id='word_1_2' title='bbox 392 207 395 214; x_wconf 67' lang='grc'><strong>’</strong></span> <span class='ocrx_word' id='word_1_3' title='bbox 566 237 735 288; x_wconf 71' lang='lat' dir='ltr'>menno’s</span> <span class='ocrx_word' id='word_1_4' title='bbox 760 237 932 287; x_wconf 75' lang='lat' dir='ltr'>narrans.</span> <span class='ocrx_word' id='word_1_5' title='bbox 1133 234 1253 301; x_wconf 65' lang='lat' dir='ltr'>[sputi.</span> 
     </span>
    </p>
   </div>
   <div class='ocr_carea' id='block_1_2' title="bbox 196 405 1261 2006">
    <p class='ocr_par' dir='ltr' id='par_1_2' title="bbox 196 405 1261 2022">
     <span class='ocr_line' id='line_1_2' title="bbox 226 405 1255 489; baseline -0.007 -19"><span class='ocrx_word' id='word_1_6' title='bbox 226 405 434 489; x_wconf 84' lang='lat' dir='ltr'>diligentiam</span> <span class='ocrx_word' id='word_1_7' title='bbox 451 405 611 470; x_wconf 88' lang='lat' dir='ltr'>adhibeas</span> <span class='ocrx_word' id='word_1_8' title='bbox 627 407 669 469; x_wconf 92' lang='lat' dir='ltr'>ad</span> <span class='ocrx_word' id='word_1_9' title='bbox 694 405 1020 470; x_wconf 86' lang='lat' dir='ltr'>convalescendum?</span> <span class='ocrx_word' id='word_1_10' title='bbox 1070 406 1181 467; x_wconf 89' lang='lat' dir='ltr'>Tuam</span> <span class='ocrx_word' id='word_1_11' title='bbox 1204 424 1255 484; x_wconf 83' lang='lat' dir='ltr'>pru-</span> 
     </span>
     <span class='ocr_line' id='line_1_3' title="bbox 226 513 1256 597; baseline -0.004 -20"><span class='ocrx_word' id='word_1_12' title='bbox 226 515 374 578; x_wconf 84' lang='lat' dir='ltr'>dentiam</span> <span class='ocrx_word' id='word_1_13' title='bbox 392 515 649 597; x_wconf 89' lang='lat' dir='ltr'>temperantiam</span> <span class='ocrx_word' id='word_1_14' title='bbox 672 534 819 577; x_wconf 89' lang='lat' dir='ltr'>amorem</span> <span class='ocrx_word' id='word_1_15' title='bbox 845 534 925 596; x_wconf 88' lang='lat' dir='ltr'>erga</span> <span class='ocrx_word' id='word_1_16' title='bbox 949 534 1002 576; x_wconf 86' lang='lat' dir='ltr'>me</span> <span class='ocrx_word' id='word_1_17' title='bbox 1027 514 1107 576; x_wconf 90' lang='lat' dir='ltr'>novi</span> <span class='ocrx_word' id='word_1_18' title='bbox 1126 535 1134 590; x_wconf 88' lang='lat'>;</span> <span class='ocrx_word' id='word_1_19' title='bbox 1160 513 1221 575; x_wconf 90' lang='lat' dir='ltr'>scio</span> <span class='ocrx_word' id='word_1_20' title='bbox 1234 521 1256 572; x_wconf 84' lang='lat' dir='ltr'>te</span> 
     </span>
     <span class='ocr_line' id='line_1_4' title="bbox 226 619 1257 706; baseline -0.007 -19"><span class='ocrx_word' id='word_1_21' title='bbox 226 624 340 688; x_wconf 90' lang='lat' dir='ltr'>omnia</span> <span class='ocrx_word' id='word_1_22' title='bbox 365 622 534 686; x_wconf 86' lang='lat' dir='ltr'>facturum</span> <span class='ocrx_word' id='word_1_23' title='bbox 559 632 597 686; x_wconf 91' lang='lat' dir='ltr'>ut</span> <span class='ocrx_word' id='word_1_24' title='bbox 623 622 799 686; x_wconf 90' lang='lat' dir='ltr'>nobiscum</span> <span class='ocrx_word' id='word_1_25' title='bbox 824 643 922 706; x_wconf 87' lang='lat' dir='ltr'>quam</span> <span class='ocrx_word' id='word_1_26' title='bbox 948 622 1092 704; x_wconf 90' lang='lat' dir='ltr'>primum</span> <span class='ocrx_word' id='word_1_27' title='bbox 1121 622 1189 697; x_wconf 90' lang='lat' dir='ltr'>sis;</span> <span class='ocrx_word' id='word_1_28' title='bbox 1216 619 1257 681; x_wconf 84' lang='lat' dir='ltr'>sed</span> 
     </span>
     <span class='ocr_line' id='line_1_5' title="bbox 227 729 1257 814; baseline -0.006 -19"><span class='ocrx_word' id='word_1_29' title='bbox 227 743 340 796; x_wconf 89' lang='lat' dir='ltr'>tamen</span> <span class='ocrx_word' id='word_1_30' title='bbox 365 731 413 795; x_wconf 91' lang='lat' dir='ltr'>ita</span> <span class='ocrx_word' id='word_1_31' title='bbox 437 731 546 807; x_wconf 86' lang='lat' dir='ltr'>velim,</span> <span class='ocrx_word' id='word_1_32' title='bbox 573 741 610 795; x_wconf 91' lang='lat' dir='ltr'>ut</span> <span class='ocrx_word' id='word_1_33' title='bbox 636 751 679 794; x_wconf 92' lang='lat' dir='ltr'>ne</span> <span class='ocrx_word' id='word_1_34' title='bbox 705 732 784 814; x_wconf 94' lang='lat' dir='ltr'>quid</span> <span class='ocrx_word' id='word_1_35' title='bbox 813 751 981 813; x_wconf 90' lang='lat' dir='ltr'>properes.</span> <span class='ocrx_word' id='word_1_36' title='bbox 1033 729 1257 814; x_wconf 88' lang='lat' dir='ltr'>Symphonian</span> 
     </span>
     <span class='ocr_line' id='line_1_6' title="bbox 230 837 1259 926; baseline -0.008 -22"><span class='ocrx_word' id='word_1_37' title='bbox 230 841 373 926; x_wconf 89' lang='lat' dir='ltr'>Lysonis</span> <span class='ocrx_word' id='word_1_38' title='bbox 405 841 526 904; x_wconf 91' lang='lat' dir='ltr'>vellem</span> <span class='ocrx_word' id='word_1_39' title='bbox 557 840 710 915; x_wconf 85' lang='lat' dir='ltr'>vitasses‚</span> <span class='ocrx_word' id='word_1_40' title='bbox 741 860 785 903; x_wconf 91' lang='lat' dir='ltr'>ne</span> <span class='ocrx_word' id='word_1_41' title='bbox 816 840 849 902; x_wconf 94' lang='lat' dir='ltr'>in</span> <span class='ocrx_word' id='word_1_42' title='bbox 879 849 1030 922; x_wconf 86' lang='lat' dir='ltr'>quartam</span> <span class='ocrx_word' id='word_1_43' title='bbox 1068 837 1259 902; x_wconf 87' lang='lat' dir='ltr'>hebdomada</span> 
     </span>
     <span class='ocr_line' id='line_1_7' title="bbox 229 943 1259 1031; baseline -0.007 -20"><span class='ocrx_word' id='word_1_44' title='bbox 229 950 414 1026; x_wconf 86' lang='lat' dir='ltr'>incideres;</span> <span class='ocrx_word' id='word_1_45' title='bbox 446 951 505 1013; x_wconf 94' lang='lat' dir='ltr'>sed</span> <span class='ocrx_word' id='word_1_46' title='bbox 531 949 690 1031; x_wconf 90' lang='lat' dir='ltr'>quoniam</span> <span class='ocrx_word' id='word_1_47' title='bbox 723 949 841 1031; x_wconf 86' lang='lat' dir='ltr'>pudori</span> <span class='ocrx_word' id='word_1_48' title='bbox 870 958 929 1011; x_wconf 93' lang='lat' dir='ltr'>tuo</span> <span class='ocrx_word' id='word_1_49' title='bbox 958 949 1105 1012; x_wconf 87' lang='lat' dir='ltr'>maluisti</span> <span class='ocrx_word' id='word_1_50' title='bbox 1140 943 1259 1026; x_wconf 87' lang='lat' dir='ltr'>obsequi</span> 
     </span>
     <span class='ocr_line' id='line_1_8' title="bbox 228 1054 1259 1141; baseline -0.01 -19"><span class='ocrx_word' id='word_1_51' title='bbox 228 1078 327 1140; x_wconf 85' lang='lat' dir='ltr'>quarn</span> <span class='ocrx_word' id='word_1_52' title='bbox 352 1057 546 1131; x_wconf 87' lang='lat' dir='ltr'>valetudini,</span> <span class='ocrx_word' id='word_1_53' title='bbox 570 1057 699 1141; x_wconf 88' lang='lat' dir='ltr'>reliqua</span> <span class='ocrx_word' id='word_1_54' title='bbox 723 1077 811 1120; x_wconf 91' lang='lat' dir='ltr'>cura.</span> <span class='ocrx_word' id='word_1_55' title='bbox 862 1056 963 1120; x_wconf 89' lang='lat' dir='ltr'>Curio</span> <span class='ocrx_word' id='word_1_56' title='bbox 981 1057 1057 1120; x_wconf 89' lang='lat' dir='ltr'>misi</span> <span class='ocrx_word' id='word_1_57' title='bbox 1083 1067 1121 1119; x_wconf 93' lang='lat' dir='ltr'>ut</span> <span class='ocrx_word' id='word_1_58' title='bbox 1148 1054 1259 1118; x_wconf 87' lang='lat' dir='ltr'>medico</span> 
     </span>
     <span class='ocr_line' id='line_1_9' title="bbox 229 1159 1259 1248; baseline -0.009 -20"><span class='ocrx_word' id='word_1_59' title='bbox 229 1166 336 1230; x_wconf 91' lang='lat' dir='ltr'>honos</span> <span class='ocrx_word' id='word_1_60' title='bbox 353 1167 534 1228; x_wconf 86' lang='lat' dir='ltr'>haberetur</span> <span class='ocrx_word' id='word_1_61' title='bbox 550 1175 584 1228; x_wconf 93' lang='lat' dir='ltr'>et</span> <span class='ocrx_word' id='word_1_62' title='bbox 602 1165 663 1229; x_wconf 91' lang='lat' dir='ltr'>tibi</span> <span class='ocrx_word' id='word_1_63' title='bbox 684 1166 778 1228; x_wconf 90' lang='lat' dir='ltr'>daret</span> <span class='ocrx_word' id='word_1_64' title='bbox 796 1165 884 1248; x_wconf 92' lang='lat' dir='ltr'>quod</span> <span class='ocrx_word' id='word_1_65' title='bbox 906 1185 990 1246; x_wconf 92' lang='lat' dir='ltr'>opus</span> <span class='ocrx_word' id='word_1_66' title='bbox 1013 1174 1120 1241; x_wconf 91' lang='lat' dir='ltr'>esset;</span> <span class='ocrx_word' id='word_1_67' title='bbox 1146 1183 1199 1226; x_wconf 90' lang='lat' dir='ltr'>me</span> <span class='ocrx_word' id='word_1_68' title='bbox 1220 1159 1259 1223; x_wconf 88' lang='lat' dir='ltr'>cui</span> 
     </span>
     <span class='ocr_line' id='line_1_10' title="bbox 228 1265 1259 1355; baseline -0.007 -19"><span class='ocrx_word' id='word_1_69' title='bbox 228 1275 383 1338; x_wconf 91' lang='lat' dir='ltr'>iussisset</span> <span class='ocrx_word' id='word_1_70' title='bbox 409 1283 611 1337; x_wconf 90' lang='lat' dir='ltr'>curaturum.</span> <span class='ocrx_word' id='word_1_71' title='bbox 664 1274 797 1355; x_wconf 90' lang='lat' dir='ltr'>Equum</span> <span class='ocrx_word' id='word_1_72' title='bbox 821 1282 854 1335; x_wconf 88' lang='lat' dir='ltr'>et</span> <span class='ocrx_word' id='word_1_73' title='bbox 878 1272 1005 1335; x_wconf 91' lang='lat' dir='ltr'>mulum</span> <span class='ocrx_word' id='word_1_74' title='bbox 1031 1272 1191 1335; x_wconf 85' lang='lat' dir='ltr'>Brundisi</span> <span class='ocrx_word' id='word_1_75' title='bbox 1213 1265 1259 1329; x_wconf 87' lang='lat' dir='ltr'>tibi</span> 
     </span>
     <span class='ocr_line' id='line_1_11' title="bbox 230 1379 1258 1464; baseline -0.009 -19"><span class='ocrx_word' id='word_1_76' title='bbox 230 1383 357 1464; x_wconf 91' lang='lat' dir='ltr'>reliqui.</span> <span class='ocrx_word' id='word_1_77' title='bbox 408 1383 535 1445; x_wconf 91' lang='lat' dir='ltr'>Romae</span> <span class='ocrx_word' id='word_1_78' title='bbox 553 1402 670 1444; x_wconf 90' lang='lat' dir='ltr'>vereor</span> <span class='ocrx_word' id='word_1_79' title='bbox 686 1402 728 1444; x_wconf 91' lang='lat' dir='ltr'>ne</span> <span class='ocrx_word' id='word_1_80' title='bbox 753 1401 793 1442; x_wconf 86' lang='lat' dir='ltr'>ex</span> <span class='ocrx_word' id='word_1_81' title='bbox 819 1382 861 1444; x_wconf 90' lang='lat' dir='ltr'>K.</span> <span class='ocrx_word' id='word_1_82' title='bbox 883 1381 951 1444; x_wconf 93' lang='lat' dir='ltr'>Ian.</span> <span class='ocrx_word' id='word_1_83' title='bbox 971 1381 1086 1463; x_wconf 88' lang='lat' dir='ltr'>magni</span> <span class='ocrx_word' id='word_1_84' title='bbox 1109 1379 1258 1443; x_wconf 89' lang='lat' dir='ltr'>tumultus</span> 
     </span>
     <span class='ocr_line' id='line_1_12' title="bbox 196 1489 1259 1572; baseline -0.01 -18"><span class='ocrx_word' id='word_1_85' title='bbox 196 1521 212 1567; x_wconf 89' lang='lat'>4</span> <span class='ocrx_word' id='word_1_86' title='bbox 231 1492 307 1554; x_wconf 91' lang='lat' dir='ltr'>sint.</span> <span class='ocrx_word' id='word_1_87' title='bbox 359 1491 431 1554; x_wconf 93' lang='lat' dir='ltr'>Nos</span> <span class='ocrx_word' id='word_1_88' title='bbox 449 1510 587 1572; x_wconf 84' lang='lat' dir='ltr'>agemus</span> <span class='ocrx_word' id='word_1_89' title='bbox 604 1490 716 1552; x_wconf 90' lang='lat' dir='ltr'>omnia</span> <span class='ocrx_word' id='word_1_90' title='bbox 733 1489 872 1554; x_wconf 91' lang='lat' dir='ltr'>modice.</span> <span class='ocrx_word' id='word_1_91' title='bbox 923 1489 1104 1572; x_wconf 89' lang='lat' dir='ltr'>Reliquum</span> <span class='ocrx_word' id='word_1_92' title='bbox 1118 1497 1171 1552; x_wconf 90' lang='lat' dir='ltr'>est</span> <span class='ocrx_word' id='word_1_93' title='bbox 1190 1496 1221 1548; x_wconf 92' lang='lat' dir='ltr'>ut</span> <span class='ocrx_word' id='word_1_94' title='bbox 1235 1495 1259 1544; x_wconf 86' lang='lat' dir='ltr'>te</span> 
     </span>
     <span class='ocr_line' id='line_1_13' title="bbox 229 1595 1258 1682; baseline -0.009 -20"><span class='ocrx_word' id='word_1_95' title='bbox 229 1601 293 1663; x_wconf 89' lang='lat' dir='ltr'>hoc</span> <span class='ocrx_word' id='word_1_96' title='bbox 313 1620 428 1682; x_wconf 89' lang='lat' dir='ltr'>rogem</span> <span class='ocrx_word' id='word_1_97' title='bbox 449 1608 483 1661; x_wconf 91' lang='lat' dir='ltr'>et</span> <span class='ocrx_word' id='word_1_98' title='bbox 503 1619 523 1662; x_wconf 92' lang='lat' dir='ltr'>a</span> <span class='ocrx_word' id='word_1_99' title='bbox 541 1608 576 1661; x_wconf 89' lang='lat' dir='ltr'>te</span> <span class='ocrx_word' id='word_1_100' title='bbox 597 1608 720 1680; x_wconf 89' lang='lat' dir='ltr'>petam,</span> <span class='ocrx_word' id='word_1_101' title='bbox 743 1619 785 1661; x_wconf 93' lang='lat' dir='ltr'>ne</span> <span class='ocrx_word' id='word_1_102' title='bbox 806 1607 933 1661; x_wconf 91' lang='lat' dir='ltr'>temere</span> <span class='ocrx_word' id='word_1_103' title='bbox 958 1598 1107 1680; x_wconf 87' lang='lat' dir='ltr'>naviges.</span> <span class='ocrx_word' id='word_1_104' title='bbox 1160 1595 1258 1659; x_wconf 85' lang='lat' dir='ltr'>Solent</span> 
     </span>
     <span class='ocr_line' id='line_1_14' title="bbox 230 1699 1261 1790; baseline 0.001 -19"><span class='ocrx_word' id='word_1_105' title='bbox 230 1718 352 1771; x_wconf 92' lang='lat' dir='ltr'>nautae</span> <span class='ocrx_word' id='word_1_106' title='bbox 376 1707 539 1771; x_wconf 84' lang='lat' dir='ltr'>festinare</span> <span class='ocrx_word' id='word_1_107' title='bbox 563 1716 724 1790; x_wconf 89' lang='lat' dir='ltr'>quaestus</span> <span class='ocrx_word' id='word_1_108' title='bbox 750 1706 801 1769; x_wconf 92' lang='lat' dir='ltr'>sui</span> <span class='ocrx_word' id='word_1_109' title='bbox 834 1727 943 1770; x_wconf 88' lang='lat' dir='ltr'>causa.</span> <span class='ocrx_word' id='word_1_110' title='bbox 994 1705 1123 1770; x_wconf 87' lang='lat' dir='ltr'>Cautus</span> <span class='ocrx_word' id='word_1_111' title='bbox 1148 1705 1203 1778; x_wconf 85' lang='lat' dir='ltr'>sis,</span> <span class='ocrx_word' id='word_1_112' title='bbox 1226 1699 1261 1772; x_wconf 84' lang='lat' dir='ltr'>nl</span> 
     </span>
     <span class='ocr_line' id='line_1_15' title="bbox 229 1813 1261 1902; baseline -0.007 -23"><span class='ocrx_word' id='word_1_113' title='bbox 229 1817 327 1893; x_wconf 89' lang='lat' dir='ltr'>Tiro;</span> <span class='ocrx_word' id='word_1_114' title='bbox 356 1836 446 1879; x_wconf 91' lang='lat' dir='ltr'>mare</span> <span class='ocrx_word' id='word_1_115' title='bbox 471 1835 629 1897; x_wconf 89' lang='lat' dir='ltr'>magnum</span> <span class='ocrx_word' id='word_1_116' title='bbox 655 1824 687 1877; x_wconf 90' lang='lat' dir='ltr'>et</span> <span class='ocrx_word' id='word_1_117' title='bbox 709 1813 843 1877; x_wconf 85' lang='lat' dir='ltr'>difficile</span> <span class='ocrx_word' id='word_1_118' title='bbox 867 1813 929 1876; x_wconf 92' lang='lat' dir='ltr'>tibi</span> <span class='ocrx_word' id='word_1_119' title='bbox 954 1824 1069 1878; x_wconf 89' lang='lat' dir='ltr'>restat.</span> <span class='ocrx_word' id='word_1_120' title='bbox 1127 1814 1261 1902; x_wconf 18' lang='lat' dir='ltr'>Sinpote*</span> 
     </span>
     <span class='ocr_line' id='line_1_16' title="bbox 230 1922 1257 2006; baseline -0.009 -18"><span class='ocrx_word' id='word_1_121' title='bbox 230 1927 285 2001; x_wconf 89' lang='lat' dir='ltr'>ris,</span> <span class='ocrx_word' id='word_1_122' title='bbox 304 1946 379 1988; x_wconf 88' lang='lat' dir='ltr'>cum</span> <span class='ocrx_word' id='word_1_123' title='bbox 407 1924 736 1987; x_wconf 89' lang='lat' dir='ltr'>Mescinio—caute</span> <span class='ocrx_word' id='word_1_124' title='bbox 753 1923 781 1986; x_wconf 89' lang='lat' dir='ltr'>is</span> <span class='ocrx_word' id='word_1_125' title='bbox 804 1922 888 1986; x_wconf 89' lang='lat' dir='ltr'>solet</span> <span class='ocrx_word' id='word_1_126' title='bbox 914 1924 1071 2006; x_wconf 87' lang='lat' dir='ltr'>navigare</span> <span class='ocrx_word' id='word_1_127' title='bbox 1079 1944 1087 2001; x_wconf 89' lang='lat'>;</span> <span class='ocrx_word' id='word_1_128' title='bbox 1112 1924 1140 1986; x_wconf 94' lang='lat' dir='ltr'>si</span> <span class='ocrx_word' id='word_1_129' title='bbox 1156 1922 1257 1990; x_wconf 84' lang='lat' dir='ltr'>minus,</span> 
     </span>
    </p>
   </div>
   <div class='ocr_carea' id='block_1_3' title="bbox 230 2029 1259 2116">
    <p class='ocr_par' dir='ltr' id='par_1_3' title="bbox 230 2023 1261 2123">
     <span class='ocr_line' id='line_1_17' title="bbox 230 2029 1259 2116; baseline -0.011 -18"><span class='ocrx_word' id='word_1_130' title='bbox 230 2055 306 2098; x_wconf 92' lang='lat' dir='ltr'>cum</span> <span class='ocrx_word' id='word_1_131' title='bbox 331 2033 475 2096; x_wconf 87' lang='lat' dir='ltr'>honesto</span> <span class='ocrx_word' id='word_1_132' title='bbox 503 2032 615 2116; x_wconf 92' lang='lat' dir='ltr'>aliquo</span> <span class='ocrx_word' id='word_1_133' title='bbox 639 2031 775 2094; x_wconf 90' lang='lat' dir='ltr'>homine</span> <span class='ocrx_word' id='word_1_134' title='bbox 800 2031 896 2094; x_wconf 90' lang='lat' dir='ltr'>cuius</span> <span class='ocrx_word' id='word_1_135' title='bbox 920 2033 1123 2096; x_wconf 88' lang='lat' dir='ltr'>auctoritate</span> <span class='ocrx_word' id='word_1_136' title='bbox 1147 2029 1259 2093; x_wconf 88' lang='lat' dir='ltr'>navicu-</span> 
     </span>
    </p>
   </div>
   <div class='ocr_carea' id='block_1_4' title="bbox 230 2138 1261 2442">
    <p class='ocr_par' dir='ltr' id='par_1_4' title="bbox 230 2126 1261 2442">
     <span class='ocr_line' id='line_1_18' title="bbox 230 2138 1258 2223; baseline -0.009 -18"><span class='ocrx_word' id='word_1_137' title='bbox 230 2143 332 2207; x_wconf 87' lang='lat' dir='ltr'>larius</span> <span class='ocrx_word' id='word_1_138' title='bbox 350 2151 531 2205; x_wconf 89' lang='lat' dir='ltr'>moveatur.</span> <span class='ocrx_word' id='word_1_139' title='bbox 582 2142 621 2204; x_wconf 93' lang='lat' dir='ltr'>In</span> <span class='ocrx_word' id='word_1_140' title='bbox 638 2143 702 2205; x_wconf 92' lang='lat' dir='ltr'>hoc</span> <span class='ocrx_word' id='word_1_141' title='bbox 719 2160 852 2203; x_wconf 90' lang='lat' dir='ltr'>omnem</span> <span class='ocrx_word' id='word_1_142' title='bbox 870 2141 1080 2223; x_wconf 87' lang='lat' dir='ltr'>diligentiam</span> <span class='ocrx_word' id='word_1_143' title='bbox 1099 2141 1127 2204; x_wconf 92' lang='lat' dir='ltr'>si</span> <span class='ocrx_word' id='word_1_144' title='bbox 1143 2138 1258 2203; x_wconf 87' lang='lat' dir='ltr'>adhibu-</span> 
     </span>
     <span class='ocr_line' id='line_1_19' title="bbox 231 2232 1258 2333; baseline -0.01 -19"><span class='ocrx_word' id='word_1_145' title='bbox 231 2253 296 2315; x_wconf 86' lang='lat' dir='ltr'>eris</span> <span class='ocrx_word' id='word_1_146' title='bbox 313 2261 415 2333; x_wconf 91' lang='lat' dir='ltr'>teque</span> <span class='ocrx_word' id='word_1_147' title='bbox 427 2250 525 2314; x_wconf 91' lang='lat' dir='ltr'>nobis</span> <span class='ocrx_word' id='word_1_148' title='bbox 542 2249 743 2313; x_wconf 89' lang='lat' dir='ltr'>incolumem</span> <span class='ocrx_word' id='word_1_149' title='bbox 761 2232 906 2324; x_wconf 84' lang='lat' dir='ltr'>steteris,</span> <span class='ocrx_word' id='word_1_150' title='bbox 922 2250 1034 2312; x_wconf 91' lang='lat' dir='ltr'>omnia</span> <span class='ocrx_word' id='word_1_151' title='bbox 1051 2259 1121 2313; x_wconf 87' lang='lat' dir='ltr'>ate</span> <span class='ocrx_word' id='word_1_152' title='bbox 1138 2246 1258 2311; x_wconf 89' lang='lat' dir='ltr'>habebo.</span> 
     </span>
     <span class='ocr_line' id='line_1_20' title="bbox 232 2352 1261 2442; baseline -0.013 -18"><span class='ocrx_word' id='word_1_153' title='bbox 232 2361 343 2424; x_wconf 90' lang='lat' dir='ltr'>Etiam</span> <span class='ocrx_word' id='word_1_154' title='bbox 368 2370 469 2442; x_wconf 89' lang='lat' dir='ltr'>atque</span> <span class='ocrx_word' id='word_1_155' title='bbox 493 2359 604 2433; x_wconf 89' lang='lat' dir='ltr'>etiam,</span> <span class='ocrx_word' id='word_1_156' title='bbox 623 2367 740 2421; x_wconf 89' lang='lat' dir='ltr'>noster</span> <span class='ocrx_word' id='word_1_157' title='bbox 763 2358 853 2433; x_wconf 85' lang='lat' dir='ltr'>Tiro,</span> <span class='ocrx_word' id='word_1_158' title='bbox 871 2358 953 2421; x_wconf 91' lang='lat' dir='ltr'>vale.</span> <span class='ocrx_word' id='word_1_159' title='bbox 1005 2358 1150 2431; x_wconf 89' lang='lat' dir='ltr'>Medic0,</span> <span class='ocrx_word' id='word_1_160' title='bbox 1166 2352 1261 2431; x_wconf 67' lang='lat' dir='ltr'>Curio4</span> 
     </span>
    </p>
   </div>
   <div class='ocr_carea' id='block_1_5' title="bbox 230 2466 1261 3796">
    <p class='ocr_par' dir='ltr' id='par_1_5' title="bbox 232 2432 1261 2553">
     <span class='ocr_line' id='line_1_21' title="bbox 232 2466 1144 2553; baseline -0.003 -21"><span class='ocrx_word' id='word_1_161' title='bbox 232 2469 360 2553; x_wconf 92' lang='lat' dir='ltr'>Lysoni</span> <span class='ocrx_word' id='word_1_162' title='bbox 377 2468 419 2530; x_wconf 94' lang='lat' dir='ltr'>de</span> <span class='ocrx_word' id='word_1_163' title='bbox 435 2476 470 2529; x_wconf 89' lang='lat' dir='ltr'>te</span> <span class='ocrx_word' id='word_1_164' title='bbox 488 2467 607 2548; x_wconf 89' lang='lat' dir='ltr'>scripsi</span> <span class='ocrx_word' id='word_1_165' title='bbox 624 2466 891 2548; x_wconf 88' lang='lat' dir='ltr'>diligentissime.</span> <span class='ocrx_word' id='word_1_166' title='bbox 940 2467 1026 2531; x_wconf 91' lang='lat' dir='ltr'>Vale</span> <span class='ocrx_word' id='word_1_167' title='bbox 1043 2468 1144 2531; x_wconf 88' lang='lat' dir='ltr'>salve.</span> 
     </span>
    </p>

    <p class='ocr_par' dir='ltr' id='par_1_6' title="bbox 230 2574 1261 3796">
     <span class='ocr_line' id='line_1_22' title="bbox 265 2574 1261 2667; baseline -0.002 -16"><span class='ocrx_word' id='word_1_168' title='bbox 265 2618 286 2667; x_wconf 87' lang='lat'>3.</span> <span class='ocrx_word' id='word_1_169' title='bbox 300 2603 516 2667; x_wconf 85' lang='lat' dir='ltr'>symphoniam:</span> <span class='ocrx_word' id='word_1_170' title='bbox 529 2602 574 2650; x_wconf 84' lang='lat' dir='ltr'>the</span> <span class='ocrx_word' id='word_1_171' title='bbox 585 2602 689 2664; x_wconf 85' lang='lat' dir='ltr'>singing</span> <span class='ocrx_word' id='word_1_172' title='bbox 701 2600 730 2648; x_wconf 81' lang='grc' dir='ltr'>οἱ</span> <span class='ocrx_word' id='word_1_173' title='bbox 781 2617 797 2649; x_wconf 91' lang='lat' dir='ltr'>a</span> <span class='ocrx_word' id='word_1_174' title='bbox 813 2601 913 2650; x_wconf 88' lang='lat' dir='ltr'>banker</span> <span class='ocrx_word' id='word_1_175' title='bbox 930 2600 1015 2651; x_wconf 88' lang='lat' dir='ltr'>would</span> <span class='ocrx_word' id='word_1_176' title='bbox 1039 2602 1108 2651; x_wconf 88' lang='lat' dir='ltr'>have</span> <span class='ocrx_word' id='word_1_177' title='bbox 1131 2574 1261 2663; x_wconf 62' lang='lat' dir='ltr'>corresponi</span> 
     </span>
     <span class='ocr_line' id='line_1_23' title="bbox 230 2666 1261 2731; baseline -0.001 -13"><span class='ocrx_word' id='word_1_178' title='bbox 230 2686 246 2718; x_wconf 91' lang='lat' dir='ltr'>a</span> <span class='ocrx_word' id='word_1_179' title='bbox 258 2671 362 2726; x_wconf 16' lang='lat' dir='ltr'>‘chorus</span> <span class='ocrx_word' id='word_1_180' title='bbox 379 2669 408 2716; x_wconf 88' lang='lat' dir='ltr'>of</span> <span class='ocrx_word' id='word_1_181' title='bbox 427 2670 512 2718; x_wconf 87' lang='lat' dir='ltr'>slaves</span> <span class='ocrx_word' id='word_1_182' title='bbox 532 2666 726 2731; x_wconf 63' lang='lat' dir='ltr'>(symptomata)</span> <span class='ocrx_word' id='word_1_183' title='bbox 782 2667 858 2717; x_wconf 89' lang='lat' dir='ltr'>dents</span> <span class='ocrx_word' id='word_1_184' title='bbox 881 2669 907 2717; x_wconf 93' lang='lat' dir='ltr'>in</span> <span class='ocrx_word' id='word_1_185' title='bbox 930 2669 1022 2725; x_wconf 88' lang='lat' dir='ltr'>Rome,</span> <span class='ocrx_word' id='word_1_186' title='bbox 1040 2669 1093 2717; x_wconf 89' lang='lat' dir='ltr'>and</span> <span class='ocrx_word' id='word_1_187' title='bbox 1114 2669 1202 2718; x_wconf 88' lang='lat' dir='ltr'>Cicero</span> <span class='ocrx_word' id='word_1_188' title='bbox 1217 2672 1261 2727; x_wconf 57' lang='lat' dir='ltr'>prr}</span> 
     </span>
     <span class='ocr_line' id='line_1_24' title="bbox 231 2724 1261 2800; baseline -0.008 -15"><span class='ocrx_word' id='word_1_189' title='bbox 231 2752 282 2785; x_wconf 85' lang='lat' dir='ltr'>was</span> <span class='ocrx_word' id='word_1_190' title='bbox 294 2752 311 2784; x_wconf 91' lang='lat' dir='ltr'>a</span> <span class='ocrx_word' id='word_1_191' title='bbox 322 2736 434 2785; x_wconf 77' lang='lat' dir='ltr'>favorite</span> <span class='ocrx_word' id='word_1_192' title='bbox 451 2737 654 2784; x_wconf 85' lang='lat' dir='ltr'>entertainment</span> <span class='ocrx_word' id='word_1_193' title='bbox 665 2734 726 2782; x_wconf 91' lang='lat' dir='ltr'>with</span> <span class='ocrx_word' id='word_1_194' title='bbox 780 2734 862 2797; x_wconf 85' lang='lat' dir='ltr'>posed</span> <span class='ocrx_word' id='word_1_195' title='bbox 882 2744 909 2783; x_wconf 90' lang='lat' dir='ltr'>to</span> <span class='ocrx_word' id='word_1_196' title='bbox 928 2751 978 2800; x_wconf 90' lang='lat' dir='ltr'>pay</span> <span class='ocrx_word' id='word_1_197' title='bbox 995 2751 1047 2784; x_wconf 86' lang='lat' dir='ltr'>one</span> <span class='ocrx_word' id='word_1_198' title='bbox 1065 2736 1095 2783; x_wconf 79' lang='lat' dir='ltr'>of</span> <span class='ocrx_word' id='word_1_199' title='bbox 1114 2736 1186 2784; x_wconf 85' lang='lat' dir='ltr'>these</span> <span class='ocrx_word' id='word_1_200' title='bbox 1197 2724 1261 2799; x_wconf 66' lang='lat' dir='ltr'>correi</span> 
     </span>
     <span class='ocr_line' id='line_1_25' title="bbox 230 2797 1261 2865; baseline -0.005 -14"><span class='ocrx_word' id='word_1_201' title='bbox 230 2804 276 2851; x_wconf 91' lang='lat' dir='ltr'>the</span> <span class='ocrx_word' id='word_1_202' title='bbox 286 2804 403 2851; x_wconf 87' lang='lat' dir='ltr'>Romans</span> <span class='ocrx_word' id='word_1_203' title='bbox 412 2810 439 2850; x_wconf 90' lang='lat' dir='ltr'>at</span> <span class='ocrx_word' id='word_1_204' title='bbox 449 2802 554 2860; x_wconf 84' lang='lat' dir='ltr'>dinner;</span> <span class='ocrx_word' id='word_1_205' title='bbox 566 2801 599 2849; x_wconf 79' lang='lat' dir='ltr'>cf.</span> <span class='ocrx_word' id='word_1_206' title='bbox 609 2800 726 2849; x_wconf 87' lang='lat' dir='ltr'>Macrob.</span> <span class='ocrx_word' id='word_1_207' title='bbox 780 2800 924 2865; x_wconf 89' lang='lat' dir='ltr'>spondents</span> <span class='ocrx_word' id='word_1_208' title='bbox 940 2802 985 2850; x_wconf 91' lang='lat' dir='ltr'>the</span> <span class='ocrx_word' id='word_1_209' title='bbox 1008 2818 1068 2851; x_wconf 91' lang='lat' dir='ltr'>sum</span> <span class='ocrx_word' id='word_1_210' title='bbox 1085 2802 1168 2851; x_wconf 89' lang='lat' dir='ltr'>which</span> <span class='ocrx_word' id='word_1_211' title='bbox 1185 2797 1261 2849; x_wconf 70' lang='lat' dir='ltr'>Cunusl</span> 
     </span>
     <span class='ocr_line' id='line_1_26' title="bbox 230 2846 1261 2933; baseline -0.012 -16"><span class='ocrx_word' id='word_1_212' title='bbox 230 2872 285 2918; x_wconf 87' lang='lat' dir='ltr'>Sat.</span> <span class='ocrx_word' id='word_1_213' title='bbox 299 2884 321 2917; x_wconf 92' lang='lat'>2.</span> <span class='ocrx_word' id='word_1_214' title='bbox 334 2884 356 2929; x_wconf 85' lang='lat'>4.</span> <span class='ocrx_word' id='word_1_215' title='bbox 371 2868 410 2916; x_wconf 87' lang='lat'>28.</span> <span class='ocrx_word' id='word_1_216' title='bbox 446 2869 477 2917; x_wconf 93' lang='lat' dir='ltr'>In</span> <span class='ocrx_word' id='word_1_217' title='bbox 493 2869 583 2917; x_wconf 87' lang='lat' dir='ltr'>earlier</span> <span class='ocrx_word' id='word_1_218' title='bbox 595 2868 671 2917; x_wconf 84' lang='lat' dir='ltr'>times</span> <span class='ocrx_word' id='word_1_219' title='bbox 684 2868 727 2915; x_wconf 90' lang='lat' dir='ltr'>the</span> <span class='ocrx_word' id='word_1_220' title='bbox 781 2868 864 2931; x_wconf 90' lang='lat' dir='ltr'>might</span> <span class='ocrx_word' id='word_1_221' title='bbox 877 2884 928 2933; x_wconf 90' lang='lat' dir='ltr'>pay</span> <span class='ocrx_word' id='word_1_222' title='bbox 940 2876 986 2916; x_wconf 93' lang='lat' dir='ltr'>out</span> <span class='ocrx_word' id='word_1_223' title='bbox 1004 2869 1029 2916; x_wconf 91' lang='lat' dir='ltr'>in</span> <span class='ocrx_word' id='word_1_224' title='bbox 1047 2870 1156 2932; x_wconf 83' lang='lat' dir='ltr'>settling</span> <span class='ocrx_word' id='word_1_225' title='bbox 1173 2869 1213 2916; x_wconf 86' lang='lat' dir='ltr'>the</span> <span class='ocrx_word' id='word_1_226' title='bbox 1226 2846 1261 2923; x_wconf 73' lang='lat' dir='ltr'>bill</span> 
     </span>
     <span class='ocr_line' id='line_1_27' title="bbox 231 2928 1261 2998; baseline -0.006 -15"><span class='ocrx_word' id='word_1_227' title='bbox 231 2935 418 2985; x_wconf 80' lang='lat' dir='ltr'>musicwasof</span> <span class='ocrx_word' id='word_1_228' title='bbox 435 2951 451 2984; x_wconf 91' lang='lat' dir='ltr'>a</span> <span class='ocrx_word' id='word_1_229' title='bbox 465 2934 570 2998; x_wconf 81' lang='lat' dir='ltr'>simplet</span> <span class='ocrx_word' id='word_1_230' title='bbox 587 2942 649 2983; x_wconf 85' lang='lat' dir='ltr'>sort.</span> <span class='ocrx_word' id='word_1_231' title='bbox 685 2934 727 2982; x_wconf 84' lang='lat' dir='ltr'>Cf.</span> <span class='ocrx_word' id='word_1_232' title='bbox 781 2935 823 2982; x_wconf 84' lang='lat' dir='ltr'>for</span> <span class='ocrx_word' id='word_1_233' title='bbox 833 2934 941 2983; x_wconf 89' lang='lat' dir='ltr'>medical</span> <span class='ocrx_word' id='word_1_234' title='bbox 951 2928 1261 2993; x_wconf 68' lang='lat' dir='ltr'>attendance.-reliqui:}</span> 
     </span>
     <span class='ocr_line' id='line_1_28' title="bbox 231 2996 1261 3065; baseline -0.006 -15"><span class='ocrx_word' id='word_1_235' title='bbox 231 3002 322 3063; x_wconf 87' lang='lat' dir='ltr'>Quint.</span> <span class='ocrx_word' id='word_1_236' title='bbox 335 3016 355 3049; x_wconf 86' lang='lat'>1.</span> <span class='ocrx_word' id='word_1_237' title='bbox 368 3016 405 3050; x_wconf 80' lang='grc' dir='ltr'>ιο.</span> <span class='ocrx_word' id='word_1_238' title='bbox 416 3016 449 3051; x_wconf 88' lang='lat'>20</span> <span class='ocrx_word' id='word_1_239' title='bbox 457 3004 502 3050; x_wconf 84' lang='lat' dir='ltr'>sed</span> <span class='ocrx_word' id='word_1_240' title='bbox 510 3009 620 3051; x_wconf 82' lang='lat' dir='ltr'>veterum</span> <span class='ocrx_word' id='word_1_241' title='bbox 631 3017 728 3065; x_wconf 84' lang='lat' dir='ltr'>quoque</span> <span class='ocrx_word' id='word_1_242' title='bbox 781 3001 921 3065; x_wconf 88' lang='lat' dir='ltr'>epistolary</span> <span class='ocrx_word' id='word_1_243' title='bbox 938 3000 1044 3063; x_wconf 83' lang='lat' dir='ltr'>perfect.</span> <span class='ocrx_word' id='word_1_244' title='bbox 1053 3030 1087 3037; x_wconf 91' lang='lat'><em>-</em></span> <span class='ocrx_word' id='word_1_245' title='bbox 1096 3016 1132 3050; x_wconf 87' lang='lat' dir='ltr'>ex</span> <span class='ocrx_word' id='word_1_246' title='bbox 1151 3002 1185 3049; x_wconf 87' lang='lat' dir='ltr'>K.</span> <span class='ocrx_word' id='word_1_247' title='bbox 1203 2996 1261 3059; x_wconf 58' lang='lat' dir='ltr'>lanai</span> 
     </span>
     <span class='ocr_line' id='line_1_29' title="bbox 231 3063 1261 3131; baseline -0.004 -14"><span class='ocrx_word' id='word_1_248' title='bbox 231 3071 407 3118; x_wconf 82' lang='lat' dir='ltr'>Romanorum</span> <span class='ocrx_word' id='word_1_249' title='bbox 426 3070 508 3131; x_wconf 80' lang='lat' dir='ltr'>epulis</span> <span class='ocrx_word' id='word_1_250' title='bbox 519 3068 588 3131; x_wconf 87' lang='lat' dir='ltr'>fides</span> <span class='ocrx_word' id='word_1_251' title='bbox 604 3084 634 3116; x_wconf 85' lang='lat' dir='ltr'>ac</span> <span class='ocrx_word' id='word_1_252' title='bbox 653 3068 727 3115; x_wconf 81' lang='lat' dir='ltr'>tibias</span> <span class='ocrx_word' id='word_1_253' title='bbox 780 3067 826 3115; x_wconf 87' lang='lat' dir='ltr'>the</span> <span class='ocrx_word' id='word_1_254' title='bbox 849 3068 954 3116; x_wconf 91' lang='lat' dir='ltr'>consuls</span> <span class='ocrx_word' id='word_1_255' title='bbox 975 3068 1019 3116; x_wconf 83' lang='lat' dir='ltr'>for</span> <span class='ocrx_word' id='word_1_256' title='bbox 1036 3082 1069 3131; x_wconf 90' lang='lat'>49</span> <span class='ocrx_word' id='word_1_257' title='bbox 1088 3080 1138 3117; x_wconf 68' lang='lat' dir='ltr'>tac.</span> <span class='ocrx_word' id='word_1_258' title='bbox 1157 3081 1216 3115; x_wconf 87' lang='lat' dir='ltr'>were</span> <span class='ocrx_word' id='word_1_259' title='bbox 1233 3063 1261 3125; x_wconf 46' lang='lat' dir='ltr'>inq</span> 
     </span>
     <span class='ocr_line' id='line_1_30' title="bbox 230 3126 1261 3199; baseline -0.013 -15"><span class='ocrx_word' id='word_1_260' title='bbox 230 3136 350 3185; x_wconf 82' lang='lat' dir='ltr'>adhibere</span> <span class='ocrx_word' id='word_1_261' title='bbox 361 3139 441 3184; x_wconf 84' lang='lat' dir='ltr'>moris</span> <span class='ocrx_word' id='word_1_262' title='bbox 449 3136 513 3199; x_wconf 75' lang='lat' dir='ltr'>fia&#39;t.</span> <span class='ocrx_word' id='word_1_263' title='bbox 550 3136 603 3183; x_wconf 93' lang='lat' dir='ltr'>For</span> <span class='ocrx_word' id='word_1_264' title='bbox 620 3133 729 3183; x_wconf 85' lang='lat' dir='ltr'>musical</span> <span class='ocrx_word' id='word_1_265' title='bbox 781 3134 866 3182; x_wconf 91' lang='lat' dir='ltr'>clined</span> <span class='ocrx_word' id='word_1_266' title='bbox 883 3141 912 3182; x_wconf 92' lang='lat' dir='ltr'>to</span> <span class='ocrx_word' id='word_1_267' title='bbox 930 3134 991 3182; x_wconf 85' lang='lat' dir='ltr'>take</span> <span class='ocrx_word' id='word_1_268' title='bbox 1004 3134 1130 3197; x_wconf 91' lang='lat' dir='ltr'>vigorous</span> <span class='ocrx_word' id='word_1_269' title='bbox 1148 3126 1261 3193; x_wconf 63' lang='lat' dir='ltr'>messuras}</span> 
     </span>
     <span class='ocr_line' id='line_1_31' title="bbox 231 3201 1261 3263; baseline -0.006 -12"><span class='ocrx_word' id='word_1_270' title='bbox 231 3203 446 3252; x_wconf 86' lang='lat' dir='ltr'>entertainments</span> <span class='ocrx_word' id='word_1_271' title='bbox 469 3217 504 3250; x_wconf 90' lang='lat' dir='ltr'>on</span> <span class='ocrx_word' id='word_1_272' title='bbox 531 3202 631 3251; x_wconf 86' lang='lat' dir='ltr'>similar</span> <span class='ocrx_word' id='word_1_273' title='bbox 657 3214 730 3249; x_wconf 89' lang='lat' dir='ltr'>occa·</span> <span class='ocrx_word' id='word_1_274' title='bbox 781 3201 883 3263; x_wconf 87' lang='lat' dir='ltr'>against</span> <span class='ocrx_word' id='word_1_275' title='bbox 899 3201 1003 3249; x_wconf 87' lang='lat' dir='ltr'>Caesar.</span> <span class='ocrx_word' id='word_1_276' title='bbox 1260 3202 1261 3261; x_wconf 56' lang='lat' dir='ltr'>l</span> 
     </span>
     <span class='ocr_line' id='line_1_32' title="bbox 231 3262 1261 3329; baseline -0.001 -11"><span class='ocrx_word' id='word_1_277' title='bbox 231 3270 310 3327; x_wconf 85' lang='lat' dir='ltr'>sions,</span> <span class='ocrx_word' id='word_1_278' title='bbox 328 3268 361 3317; x_wconf 84' lang='lat' dir='ltr'>ef.</span> <span class='ocrx_word' id='word_1_279' title='bbox 380 3269 438 3329; x_wconf 87' lang='lat' dir='ltr'>Juv.</span> <span class='ocrx_word' id='word_1_280' title='bbox 459 3282 496 3315; x_wconf 92' lang='lat'>11.</span> <span class='ocrx_word' id='word_1_281' title='bbox 517 3268 577 3325; x_wconf 84' lang='lat'>180;</span> <span class='ocrx_word' id='word_1_282' title='bbox 597 3268 661 3316; x_wconf 91' lang='lat' dir='ltr'>Plin.</span> <span class='ocrx_word' id='word_1_283' title='bbox 678 3268 728 3328; x_wconf 85' lang='lat' dir='ltr'>Ep.</span> <span class='ocrx_word' id='word_1_284' title='bbox 815 3282 837 3326; x_wconf 89' lang='lat'>4.</span> <span class='ocrx_word' id='word_1_285' title='bbox 857 3275 961 3316; x_wconf 84' lang='lat' dir='ltr'>cautus</span> <span class='ocrx_word' id='word_1_286' title='bbox 974 3268 1031 3315; x_wconf 88' lang='lat' dir='ltr'>sis:</span> <span class='ocrx_word' id='word_1_287' title='bbox 1049 3267 1083 3315; x_wconf 86' lang='lat' dir='ltr'>ef.</span> <span class='ocrx_word' id='word_1_288' title='bbox 1096 3268 1160 3317; x_wconf 89' lang='lat' dir='ltr'>Intr.</span> <span class='ocrx_word' id='word_1_289' title='bbox 1173 3267 1203 3326; x_wconf 83' lang='lat'>84</span> <span class='ocrx_word' id='word_1_290' title='bbox 1213 3265 1228 3312; x_wconf 81' lang='lat' dir='ltr'>b.</span> <span class='ocrx_word' id='word_1_291' title='bbox 1236 3262 1261 3317; x_wconf 58' lang='lat' dir='ltr'>‘l</span> 
     </span>
     <span class='ocr_line' id='line_1_33' title="bbox 234 3326 1255 3399; baseline -0.002 -16"><span class='ocrx_word' id='word_1_292' title='bbox 234 3349 254 3383; x_wconf 91' lang='lat'>1.</span> <span class='ocrx_word' id='word_1_293' title='bbox 281 3348 318 3399; x_wconf 82' lang='lat'>15.</span> <span class='ocrx_word' id='word_1_294' title='bbox 344 3349 374 3392; x_wconf 85' lang='lat'>2;</span> <span class='ocrx_word' id='word_1_295' title='bbox 399 3335 507 3391; x_wconf 78' lang='lat' dir='ltr'>seruus,</span> <span class='ocrx_word' id='word_1_296' title='bbox 531 3349 569 3397; x_wconf 85' lang='lat'>19.</span> <span class='ocrx_word' id='word_1_297' title='bbox 586 3348 610 3396; x_wconf 85' lang='lat'>9.</span> <span class='ocrx_word' id='word_1_298' title='bbox 629 3334 729 3394; x_wconf 77' lang='lat' dir='ltr'>4.-in</span> <span class='ocrx_word' id='word_1_299' title='bbox 782 3334 822 3381; x_wconf 81' lang='lat' dir='ltr'>mi</span> <span class='ocrx_word' id='word_1_300' title='bbox 838 3334 923 3382; x_wconf 81' lang='lat' dir='ltr'>Tiro:</span> <span class='ocrx_word' id='word_1_301' title='bbox 943 3334 975 3381; x_wconf 76' lang='lat' dir='ltr'>er.</span> <span class='ocrx_word' id='word_1_302' title='bbox 988 3336 1027 3381; x_wconf 69' lang='lat' dir='ltr'>mr</span> <span class='ocrx_word' id='word_1_303' title='bbox 1037 3336 1171 3398; x_wconf 79' lang='lat' dir='ltr'>Pomponi,</span> <span class='ocrx_word' id='word_1_304' title='bbox 1185 3335 1225 3395; x_wconf 79' lang='lat' dir='ltr'>ap.</span> <span class='ocrx_word' id='word_1_305' title='bbox 1235 3326 1255 3375; x_wconf 75' lang='lat' dir='ltr'>l·</span> 
     </span>
     <span class='ocr_line' id='line_1_34' title="bbox 231 3398 1261 3466; baseline -0.008 -15"><span class='ocrx_word' id='word_1_306' title='bbox 231 3410 365 3466; x_wconf 87' lang='lat' dir='ltr'>quartam</span> <span class='ocrx_word' id='word_1_307' title='bbox 378 3402 576 3451; x_wconf 84' lang='lat' dir='ltr'>hebdomada:</span> <span class='ocrx_word' id='word_1_308' title='bbox 589 3416 666 3465; x_wconf 85' lang='lat' dir='ltr'>every</span> <span class='ocrx_word' id='word_1_309' title='bbox 675 3415 729 3449; x_wconf 87' lang='lat' dir='ltr'>sev·</span> <span class='ocrx_word' id='word_1_310' title='bbox 783 3413 925 3449; x_wconf 88' lang='lat' dir='ltr'>n.—cum</span> <span class='ocrx_word' id='word_1_311' title='bbox 944 3400 1104 3449; x_wconf 87' lang='lat' dir='ltr'>Mescinio:</span> <span class='ocrx_word' id='word_1_312' title='bbox 1128 3418 1161 3449; x_wconf 86' lang='lat' dir='ltr'>sc.</span> <span class='ocrx_word' id='word_1_313' title='bbox 1179 3398 1261 3461; x_wconf 67' lang='lat' dir='ltr'>navigq</span> 
     </span>
     <span class='ocr_line' id='line_1_35' title="bbox 231 3464 1261 3532; baseline -0.003 -15"><span class='ocrx_word' id='word_1_314' title='bbox 231 3468 294 3517; x_wconf 87' lang='lat' dir='ltr'>enth</span> <span class='ocrx_word' id='word_1_315' title='bbox 304 3469 355 3532; x_wconf 89' lang='lat' dir='ltr'>day</span> <span class='ocrx_word' id='word_1_316' title='bbox 364 3484 416 3517; x_wconf 90' lang='lat' dir='ltr'>was</span> <span class='ocrx_word' id='word_1_317' title='bbox 425 3466 729 3528; x_wconf 84' lang='lat' dir='ltr'>regardedasacritical</span> <span class='ocrx_word' id='word_1_318' title='bbox 782 3475 920 3515; x_wconf 89' lang='lat' dir='ltr'>—noster</span> <span class='ocrx_word' id='word_1_319' title='bbox 938 3467 1023 3527; x_wconf 61' lang='lat' dir='ltr'>&#39;Iffiroz</span> <span class='ocrx_word' id='word_1_320' title='bbox 1047 3467 1093 3515; x_wconf 86' lang='lat' dir='ltr'>the</span> <span class='ocrx_word' id='word_1_321' title='bbox 1110 3467 1186 3515; x_wconf 90' lang='lat' dir='ltr'>other</span> <span class='ocrx_word' id='word_1_322' title='bbox 1202 3464 1261 3513; x_wconf 62' lang='lat' dir='ltr'>nem*</span> 
     </span>
     <span class='ocr_line' id='line_1_36' title="bbox 230 3526 1254 3598; baseline -0.001 -16"><span class='ocrx_word' id='word_1_323' title='bbox 230 3535 322 3598; x_wconf 85' lang='lat' dir='ltr'>period</span> <span class='ocrx_word' id='word_1_324' title='bbox 345 3536 372 3583; x_wconf 91' lang='lat' dir='ltr'>in</span> <span class='ocrx_word' id='word_1_325' title='bbox 392 3550 425 3582; x_wconf 93' lang='lat' dir='ltr'>an</span> <span class='ocrx_word' id='word_1_326' title='bbox 448 3535 543 3581; x_wconf 90' lang='lat' dir='ltr'>illness.</span> <span class='ocrx_word' id='word_1_327' title='bbox 593 3534 656 3581; x_wconf 90' lang='lat' dir='ltr'>Tiro</span> <span class='ocrx_word' id='word_1_328' title='bbox 677 3531 728 3581; x_wconf 92' lang='lat' dir='ltr'>had</span> <span class='ocrx_word' id='word_1_329' title='bbox 782 3532 840 3581; x_wconf 89' lang='lat' dir='ltr'>bers</span> <span class='ocrx_word' id='word_1_330' title='bbox 853 3534 882 3580; x_wconf 78' lang='lat' dir='ltr'>oi</span> <span class='ocrx_word' id='word_1_331' title='bbox 900 3534 1015 3581; x_wconf 87' lang='lat' dir='ltr'>Cicero&#39;s</span> <span class='ocrx_word' id='word_1_332' title='bbox 1033 3533 1123 3597; x_wconf 82' lang='lat' dir='ltr'>family</span> <span class='ocrx_word' id='word_1_333' title='bbox 1135 3532 1205 3581; x_wconf 82' lang='lat' dir='ltr'>often</span> <span class='ocrx_word' id='word_1_334' title='bbox 1219 3526 1254 3593; x_wconf 76' lang='lat' dir='ltr'>jo&#39;ffl</span> 
     </span>
     <span class='ocr_line' id='line_1_37' title="bbox 231 3595 1261 3665; baseline -0.006 -15"><span class='ocrx_word' id='word_1_335' title='bbox 231 3600 345 3650; x_wconf 80' lang='lat' dir='ltr'>suffered</span> <span class='ocrx_word' id='word_1_336' title='bbox 357 3602 426 3649; x_wconf 82' lang='lat' dir='ltr'>from</span> <span class='ocrx_word' id='word_1_337' title='bbox 444 3600 516 3647; x_wconf 86' lang='lat' dir='ltr'>three</span> <span class='ocrx_word' id='word_1_338' title='bbox 532 3600 561 3646; x_wconf 83' lang='lat' dir='ltr'>of</span> <span class='ocrx_word' id='word_1_339' title='bbox 579 3601 653 3648; x_wconf 90' lang='lat' dir='ltr'>these</span> <span class='ocrx_word' id='word_1_340' title='bbox 669 3599 729 3647; x_wconf 87' lang='lat' dir='ltr'>heb·</span> <span class='ocrx_word' id='word_1_341' title='bbox 782 3600 808 3646; x_wconf 93' lang='lat' dir='ltr'>in</span> <span class='ocrx_word' id='word_1_342' title='bbox 821 3600 866 3648; x_wconf 89' lang='lat' dir='ltr'>the</span> <span class='ocrx_word' id='word_1_343' title='bbox 879 3600 1037 3665; x_wconf 87' lang='lat' dir='ltr'>valedictory</span> <span class='ocrx_word' id='word_1_344' title='bbox 1050 3599 1159 3649; x_wconf 87' lang='lat' dir='ltr'>address</span> <span class='ocrx_word' id='word_1_345' title='bbox 1177 3608 1202 3647; x_wconf 91' lang='lat' dir='ltr'>to</span> <span class='ocrx_word' id='word_1_346' title='bbox 1214 3595 1261 3644; x_wconf 81' lang='lat' dir='ltr'>hinl</span> 
     </span>
     <span class='ocr_line' id='line_1_38' title="bbox 231 3658 1251 3729; baseline -0.005 -15"><span class='ocrx_word' id='word_1_347' title='bbox 231 3666 728 3728; x_wconf 82' lang='lat' dir='ltr'>domadalattacks.-honos‚hisfee.</span> <span class='ocrx_word' id='word_1_348' title='bbox 782 3667 888 3715; x_wconf 82' lang='lat' dir='ltr'>—vale</span> <span class='ocrx_word' id='word_1_349' title='bbox 908 3666 1002 3715; x_wconf 81' lang='lat' dir='ltr'>salve:</span> <span class='ocrx_word' id='word_1_350' title='bbox 1027 3667 1059 3714; x_wconf 84' lang='lat' dir='ltr'>cf.</span> <span class='ocrx_word' id='word_1_351' title='bbox 1079 3667 1128 3729; x_wconf 88' lang='lat' dir='ltr'>Ep.</span> <span class='ocrx_word' id='word_1_352' title='bbox 1148 3658 1251 3715; x_wconf 68' lang='lat' dir='ltr'>XXXIX</span> 
     </span>
     <span class='ocr_line' id='line_1_39' title="bbox 232 3728 936 3796; baseline -0.003 -15"><span class='ocrx_word' id='word_1_353' title='bbox 232 3746 321 3781; x_wconf 79' lang='lat' dir='ltr'>-me</span> <span class='ocrx_word' id='word_1_354' title='bbox 334 3766 342 3780; x_wconf 84' lang='lat'><strong>.</strong></span> <span class='ocrx_word' id='word_1_355' title='bbox 356 3766 362 3779; x_wconf 94' lang='lat'><em>.</em></span> <span class='ocrx_word' id='word_1_356' title='bbox 377 3766 383 3781; x_wconf 89' lang='lat'><em>.</em></span> <span class='ocrx_word' id='word_1_357' title='bbox 396 3738 577 3783; x_wconf 86' lang='lat' dir='ltr'>curaturum:</span> <span class='ocrx_word' id='word_1_358' title='bbox 594 3732 689 3778; x_wconf 88' lang='lat' dir='ltr'>Curius</span> <span class='ocrx_word' id='word_1_359' title='bbox 702 3746 730 3779; x_wconf 92' lang='lat' dir='ltr'>as</span> <span class='ocrx_word' id='word_1_360' title='bbox 783 3745 798 3791; x_wconf 86' lang='lat'>4</span> <span class='ocrx_word' id='word_1_361' title='bbox 812 3730 893 3796; x_wconf 82' lang='lat' dir='ltr'>(end).</span> <span class='ocrx_word' id='word_1_362' title='bbox 933 3728 936 3733; x_wconf 89' lang='grc'><strong>’</strong></span> 
     </span>
    </p>
   </div>
   <div class='ocr_carea' id='block_1_6' title="bbox 0 0 1299 4200">
    <p class='ocr_par' dir='ltr' id='par_1_7' title="bbox 0 0 1299 4200">
     <span class='ocr_line' id='line_1_40' title="bbox 0 0 1299 4200; baseline 0 0"><span class='ocrx_word' id='word_1_363' title='bbox 0 0 1299 4200; x_wconf 95' lang='lat' dir='ltr'> </span> 
     </span>
    </p>
   </div>
  </div>
 </body>
</html>
