2575 4200
193 253 244 305 224
533 254 700 305 CICERO'S
726 256 899 305 LETTERS.

1053 256 1114 323 [Ep.
1128 259 1226 309 Lxxv.

193 420 282 487 tiens
297 420 331 485 in
349 440 421 487 eam
439 420 677 505 cogitationem
694 442 834 488 necesse
856 433 908 488 est
933 433 968 489 et
993 434 1031 489 tu
1049 427 1180 490 veneris
1202 436 1229 489 et

194 550 255 593 nos
272 550 371 613 saepe
387 530 570 606 incidimus,
584 530 678 595 hisce
694 532 900 614 temporibus
917 552 985 596 non
1002 534 1146 616 pessime
1161 556 1229 599 cum
1263 519 1264 522 ¹

193 638 232 701 iis
252 657 326 703 esse
347 648 459 703 actum
488 639 608 721 quibus
633 640 706 703 sine
729 639 844 703 dolore
867 641 995 704 licitum
1020 651 1072 705 est
1097 626 1228 706 mortem
1264 659 1266 728 t

193 768 268 811 cum
286 747 354 811 vita
370 748 589 811 commutare!
629 748 730 831 ‘Quid
747 758 859 813 autem
881 749 944 812 fuit
961 751 1052 833 quod
1068 750 1157 814 illam
1173 751 1229 814 hoc
1264 733 1266 812 J

193 865 343 938 tempore
370 857 412 919 ad
440 855 618 919 vivendum
651 876 773 939 magno
802 876 902 939 opere
931 858 1072 922 invitare
1100 861 1229 941 posset?

194 964 290 1047 Quae
303 965 380 1029 res?
414 964 510 1047 Quae
523 965 624 1047 spes?
660 964 760 1047 Quod
773 966 874 1029 animi
885 965 1068 1029 solacium?
1098 968 1145 1031 Vt
1161 989 1231 1031 cum

191 1072 301 1155 aliquo
316 1071 532 1137 adulescente
548 1071 704 1155 primario
721 1074 901 1137 coniuncta
916 1083 1062 1139 aetatem
1079 1077 1231 1159 gereret?

193 1180 338 1245 Licitum
356 1180 495 1255 esttibi,
514 1182 624 1257 cred0,
643 1200 704 1263 pro
720 1190 779 1245 tua
794 1181 959 1264 dignitate
976 1202 1017 1271 err
1042 1183 1105 1247 hac
1127 1185 1232 1247 iuven-

191 1298 265 1353 tute
286 1308 447 1371 generum
464 1288 613 1370 diligere,
633 1288 729 1352 cuius
754 1288 831 1353 fidei
853 1288 976 1353 liberos
1001 1299 1079 1354 tuos
1105 1301 1138 1353 te
1162 1301 1232 1354 tuto

190 1396 401 1462 committere
425 1398 575 1479 putares!
624 1396 683 1459 An
709 1406 746 1460 ut
772 1416 812 1462 ea
836 1396 960 1461 liberos
982 1418 1023 1461 ex
1048 1419 1124 1463 sese
1146 1420 1231 1482 pare-
1264 1407 1265 1482 l

191 1514 251 1581 ret,
278 1525 361 1588 quos
386 1526 461 1569 cum
486 1505 638 1569 florentis
660 1504 788 1568 videret
817 1504 1008 1581 laetaretur,
1034 1507 1094 1597 qui
1120 1528 1190 1571 rem
1216 1529 1232 1570 a

94 1688 97 1693 Ι
189 1622 328 1696 parente
350 1613 506 1677 traditam
531 1633 591 1696 per
614 1633 652 1677 se
675 1622 793 1677 tenere
817 1623 965 1697 possent,
984 1614 1130 1679 honores
1153 1616 1232 1678 ordi-

190 1722 293 1786 natim
309 1722 448 1804 petituri
464 1731 588 1797 essent,
607 1722 641 1785 in
659 1721 853 1804 republica,
872 1722 907 1785 in
930 1723 1113 1788 amicorum
1137 1744 1233 1807 nego·

737 1891 887 1947 baricorius,
896 1891 1088 1950 scandularr'us,
1102 1894 1232 1939 mult'ercu·

736 1958 830 2014 larius,
853 1964 985 2006 etc—ut
1006 1992 1014 2005 .
1039 1993 1046 2005 .
1072 1994 1079 2006 .
1103 1966 1231 2021 gereret:

737 2022 850 2071 ironical.
893 2023 1002 2071 Tullia's
1027 2023 1083 2073 first
1106 2022 1230 2079 husband,

739 2090 808 2148 Piso,
820 2088 880 2139 died
896 2091 1080 2156 prematurely,
1098 2091 1150 2140 and
1166 2091 1231 2140 from

737 2157 873 2219 Crassipes
890 2156 942 2205 and
962 2157 1104 2206 Dolabella
1120 2158 1167 2208 she
1183 2173 1231 2206 was

736 2222 860 2272 divorced
872 2223 939 2271 after
950 2238 985 2272 an
994 2223 1120 2289 unhappy
1128 2223 1231 2273 wedded
1265 2262 1266 2267 ,

736 2289 781 2338 lite
795 2290 838 2351 (cf.
857 2290 920 2338 Intr.
938 2290 1153 2354 53).—licitum
1170 2299 1231 2340 est:

737 2355 770 2404 ci.
792 2358 893 2404 licitum
915 2364 958 2412 est,
979 2357 1073 2406 above.
1116 2358 1232 2406 Schmalz
1265 2392 1266 2395 η

737 2422 826 2472 thinks
839 2423 895 2472 that
907 2422 1020 2473 licitum
1033 2433 1097 2473 est.
1112 2460 1119 2472 .
1133 2433 1231 2488 .puta-

736 2503 784 2538 res
799 2505 858 2554 may
868 2489 901 2538 be
913 2505 947 2538 an
958 2490 1115 2553 adaptation
1129 2491 1159 2540 of
1175 2493 1230 2539 Ter.

224 1904 246 1955 3.
270 1899 302 1939 tu
319 1889 434 1938 veneris
450 1904 566 1939 ...nos
584 1890 687 1938 incidi-

191 1967 267 2007 mus:
286 1956 358 2005 there
375 1956 446 2004 isan
464 1955 569 2018 implied
581 1956 686 2019 compli-

191 2031 261 2072 ment
278 2024 305 2071 in
323 2023 367 2071 the
379 2023 538 2087 application
551 2022 580 2070 of
596 2037 686 2071 vene-

190 2092 230 2140 ris
248 2098 276 2139 to
294 2090 386 2139 Cicero
407 2089 458 2139 and
478 2089 635 2139 incidimus
656 2098 685 2138 to

190 2157 301 2206 himself.
310 2170 419 2206 -cum
436 2157 472 2206 iis
488 2171 555 2206 esse
568 2166 685 2206 actum:

190 2225 222 2272 ct.
247 2225 372 2272 nobiscum
396 2226 480 2286 egerit,
501 2223 685 2272 2.-licitum

191 2299 254 2339 est:
271 2293 420 2338 licitumst
434 2289 486 2338 aud
497 2291 622 2354 placitum
641 2298 685 2346 est,

189 2357 231 2405 lor
239 2359 315 2405 licuit
321 2356 373 2404 and
377 2359 485 2418 placuit,
495 2356 592 2419 belong
602 2364 629 2404 to
640 2356 685 2404 the

189 2440 271 2472 sermo
279 2424 427 2472 cotidianus.
455 2422 496 2471 Cf.
507 2425 580 2470 Fano
588 2422 612 2471 8.
620 2437 643 2482 4.
652 2437 684 2482 4;

190 2491 237 2552 Ep.
250 2491 297 2538 XI.
309 2503 333 2553 55
346 2488 398 2537 and
407 2504 451 2537 see
460 2489 553 2545 Krebs,
563 2491 685 2536 Antibar-

188 2557 273 2612 barus,
284 2557 318 2603 ΙΙ.
330 2570 369 2604 22.
398 2556 485 2604 These
492 2556 594 2618 passive
602 2555 685 2603 iorms

189 2637 233 2670 are
241 2623 361 2686 frequent
370 2622 396 2670 in
406 2621 522 2686 comedy.
547 2621 589 2670 Cf.
600 2623 684 2670 Plaut.

189 2690 259 2736 Men.
285 2689 352 2752 5893
375 2689 434 2736 Ter.
456 2690 526 2736 And.
552 2702 608 2751 443,
632 2688 684 2737 and

190 2756 318 2812 Donatus,
342 2762 412 2802 note.
457 2755 506 2802 See
529 2755 585 2802 also
604 2757 686 2818 placi-

189 2828 242 2868 tum
266 2829 309 2877 est,
334 2822 381 2884 Ep.
407 2822 560 2869 LXXXVI.
580 2834 594 2868 2
618 2837 686 2869 n.—

189 2889 343 2951 quaeres?
360 2901 434 2950 quae
448 2889 539 2949 spes?
556 2903 643 2936 acase
656 2887 686 2937 ot

188 2969 340 3003 assonance.
351 2983 384 2990 —
399 2954 603 3003 adulescente:
625 2956 685 3003 Tul-

188 3021 244 3068 lia's
256 3021 306 3068 last
319 3020 447 3079 husband,
458 3020 604 3078 Dolabella,
614 3029 685 3069 must

189 3087 255 3135 have
270 3087 335 3135 been
353 3087 435 3135 about
456 3087 484 3136 18
497 3103 576 3152 ¹years
594 3087 639 3135 old
657 3095 684 3136 at

188 3153 233 3203 the
256 3153 318 3202 time
341 3153 371 3201 oi
393 3153 461 3202 their
483 3155 625 3217 marriage;
651 3155 683 3202 ci.

191 3220 302 3283 Appian,
313 3222 343 3268 B.
357 3222 383 3269 C.
394 3234 416 3268 2.
429 3221 683 3284 129.-primario:

188 3287 330 3352 adjectives
347 3287 374 3335 in
388 3289 471 3336 orius
488 3303 531 3336 are
550 3303 610 3352 very
627 3303 684 3335 rare

187 3354 213 3402 in
235 3355 334 3411 Cicero,
352 3353 400 3402 but
421 3369 543 3402 common
560 3355 586 3402 in
607 3355 684 3402 collo-

187 3421 256 3484 quial
280 3418 365 3468 Lati'n.
404 3420 446 3467 Cl.
471 3422 682 3483 manufestarius,

189 3488 271 3535 Plaut.
299 3489 360 3535 Aul.
389 3486 439 3550 469
450 3504 462 3545 ς·
480 3489 682 3548 praesentarius,

191 3555 264 3603 Trin.
286 3553 344 3603 1081
359 3569 364 3613 ;
382 3554 559 3616 quasillarias,
578 3555 681 3600 Petron.

189 3633 242 3684 132,
253 3627 300 3668 etc.
326 3620 366 3668 Cl.
377 3620 433 3668 also
447 3621 547 3666 Lorenz
557 3627 584 3667 to
598 3621 683 3668 Plaut.

186 3687 277 3734 Pseud.
287 3698 344 3748 952.
372 3687 402 3733 In
415 3687 467 3733 late
480 3686 557 3732 Latin
567 3686 612 3734 the
624 3685 684 3733 end-

186 3750 230 3812 ing
244 3751 266 3798 is
283 3751 419 3815 especially
431 3765 561 3806 common,
573 3767 616 3813 ag.
629 3752 684 3798 bor-

736 2557 797 2604 Hcc.
812 2571 871 2604 212:
888 2559 935 2620 qui
945 2558 1021 2605 illum
1035 2559 1174 2607 decrerunt
1183 2560 1231 2619 dig·

737 2639 808 2681 num,
816 2624 1035 2688 suosquoiliberos
1043 2623 1231 2674 committerent.

735 2717 769 2725 -
777 2704 812 2737 ex
824 2691 879 2738 hac
892 2690 1060 2739 iuventute:
1080 2691 1125 2740 the
1144 2691 1231 2753 degen-

736 2764 807 2804 erate
830 2756 911 2820 youth
935 2756 964 2804 oi
990 2756 1089 2822 today,
1116 2773 1146 2806 as
1174 2759 1231 2820 they

736 2822 841 2871 seemed
853 2831 880 2871 to
892 2822 925 2871 be
937 2831 965 2871 to
975 2822 1020 2871 the
1030 2823 1075 2872 old
1085 2839 1148 2872 man
1156 2824 1185 2872 ot
1194 2824 1229 2877 60,

736 2889 863 2952 although
889 2889 1018 2952 Sulpicius
1043 2890 1092 2938 has
1110 2891 1137 2938 in
1162 2888 1229 2938 mind

736 2956 844 3005 Tullia's
867 2956 991 3020 unhappy
1010 2956 1123 3005 married
1142 2957 1187 3005 life
1206 2956 1229 3003 in

735 3023 1229 3085 particular-honoresordinatim:

735 3091 772 3136 iu.
785 3088 830 3137 the
844 3087 932 3138 offices
949 3088 979 3136 oi
996 3097 1129 3153 quaestor,
1142 3090 1229 3143 aedile,

735 3163 846 3218 praetor,
857 3155 907 3203 and
916 3155 1016 3204 consul.
1024 3183 1058 3190 —
1065 3157 1228 3206 ordinatim:

734 3222 777 3269 ior
797 3222 913 3270 classical
931 3223 1027 3270 ordine.
1064 3221 1186 3271 Adverbs
1207 3224 1228 3269 in

735 3290 781 3335 ·im
800 3303 843 3336 are
860 3287 944 3337 found
962 3287 1111 3354 frequently
1122 3289 1149 3337 in
1164 3289 1229 3351 early

734 3353 786 3402 and
798 3356 850 3403 late
864 3355 948 3412 Latin,
960 3353 1008 3403 but
1022 3355 1050 3402 in
1068 3354 1113 3404 the
1130 3356 1229 3404 Cicero

734 3419 921 3483 nian'period
942 3421 1004 3469 with
1025 3436 1042 3469 a
1069 3422 1120 3470 few
1143 3438 1229 3485 excep·

735 3487 812 3544 tions‚
825 3488 955 3556 theipuse
969 3488 992 3535 is
1008 3488 1129 3537 confined
1140 3496 1171 3537 to
1183 3489 1229 3538 col·

734 3553 831 3617 loquial
842 3554 925 3602 Latin.
948 3555 1033 3611 Neue,
1041 3557 1227 3614 Formenlehre,

736 3619 771 3667 II.
798 3619 855 3678 662,
874 3636 951 3684 says:
977 3620 1113 3669 ‘Adverbs
1136 3622 1163 3668 in
1187 3624 1227 3668 -ῖπι

734 3701 778 3733 are
796 3687 933 3751 especially
945 3701 1069 3735 common
1086 3688 1113 3735 in
1128 3687 1228 3735 archaic

735 3753 820 3809 Latin,
844 3753 896 3801 and
921 3753 947 3801 in
973 3753 1027 3802 late
1050 3754 1147 3802 writers
1172 3754 1226 3802 who
