2575 4200
227 254 277 309 218
567 254 736 305 CICERO'S
760 254 934 305 LETTERS.
1085 254 1154 321 [Ep.
1169 254 1258 308 LXXll.

225 428 262 487 te
284 420 317 485 id
342 440 456 504 sper0;
481 420 550 487 scio
575 422 665 485 enim
691 420 810 487 solere.
859 421 928 486 Sed
952 432 1067 485 tamen
1093 421 1260 485 Caerelliae

227 538 460 611 procuratores
478 529 686 613 scripserunt
702 539 738 593 te
754 539 892 612 propter
911 530 1188 612 magnitudinem
1210 550 1260 609 pm

226 636 356 702 vinciae
373 636 692 721 multitudinemque
709 637 920 719 negotiorum
938 637 1042 701 etiam
1056 647 1164 720 atque
1181 637 1260 699 etiarn

195 766 304 811 resse
319 745 697 811 commonefaciendum.
749 746 830 808 Peto
853 745 957 827 igitur
977 755 1014 809 ut
1032 744 1227 808 memineris
1239 755 1260 804 tr

227 854 339 918 omnia
350 873 435 937 quae
448 863 507 917 tua
522 854 605 918 fides
622 862 796 936 pateretur
812 853 893 916 mihi
910 853 1081 917 cumulate
1098 851 1261 934 recepisse.

228 962 394 1046 Equidem
411 962 566 1025 existimo
584 962 708 1025 habere
724 970 760 1025 te
776 981 932 1044 magnam
948 960 1153 1025 facultatem
1167 958 1261 1020 —sei

228 1070 291 1134 hoc
307 1068 358 1133 tui
374 1078 426 1133 est
443 1070 562 1133 consili
579 1079 613 1133 et
631 1069 841 1134 iudici-ex
856 1089 896 1132 eo
917 1089 942 1133 s.
961 1089 990 1134 c.
1009 1069 1099 1151 quod
1125 1068 1165 1131 in
1190 1068 1261 1129 here·

227 1180 287 1242 des
305 1177 341 1243 C.
356 1177 516 1241 Vennoni
532 1176 661 1241 factum
678 1186 740 1253 est,
757 1176 940 1241 Caerelliae
957 1176 1205 1240 commodandi.
1236 1174 1261 1235 li

228 1294 366 1349 senatus
383 1284 574 1349 consultum
591 1294 629 1348 tu
648 1284 912 1368 interpretabere
936 1304 997 1366 pro
1018 1293 1079 1347 tua
1095 1282 1262 1367 sapientia}

228 1394 298 1457 scio
326 1392 416 1457 enim
444 1393 516 1457 eius
544 1393 671 1456 ordinis
700 1391 936 1457 auctoritatem
966 1413 1100 1474 semper
1128 1391 1218 1474 apud
1240 1399 1262 1452 tc

228 1501 342 1583 magni
357 1501 474 1566 fuisse.
525 1500 625 1585 Quod
643 1500 808 1584 reliquum
825 1510 887 1576 est,
907 1501 955 1564 sic
972 1500 1073 1563 velim
1091 1499 1262 1569 existimes,

228 1610 494 1693 quibuscumque
511 1609 612 1672 rebus
630 1608 815 1673 Caerelliae
831 1608 978 1691 benigne
993 1608 1129 1684 feceris
1145 1605 1226 1671 mihi
1238 1615 1262 1666 te

227 1716 458 1801 gratissimum
475 1736 551 1781 esse
567 1716 746 1781 facturum.

537 1958 687 2023 LXXII.
723 1958 807 2043 (Aa.
829 1975 880 2023 12.
902 1958 966 2043 16.)

549 2133 690 2183 emeno
714 2105 855 2183 Arric'o
879 2134 957 2184 sar..

276 2269 326 2332 Te
354 2269 423 2332 tuis
450 2267 598 2350 negotiis
626 2266 754 2331 relictis
783 2269 861 2330 nolo
885 2268 926 2330 ad
952 2287 1006 2330 me
1029 2268 1155 2331 venire.
1205 2265 1264 2343 Ego

230 2377 343 2460 potius
368 2378 535 2451 accedam,
562 2376 590 2438 si
615 2375 743 2439 diutius
768 2375 968 2457 impediere3
998 2375 1065 2438 etsi
1089 2395 1132 2438 ne
1158 2374 1264 2437 disces

232 2486 350 2548 sissem
379 2485 513 2567 quidem
543 2504 562 2546 e
590 2492 776 2564 conspectu
800 2493 870 2559 tuo,
896 2482 961 2545 nisi
987 2503 1042 2545 me
1069 2471 1169 2564 plane
1197 2476 1264 2542 nihil

233 2593 299 2656 ulla
315 2613 368 2655 res
385 2592 566 2655 adiuvaret.
618 2591 719 2673 Quod
744 2591 773 2654 si
790 2600 880 2654 esset
905 2590 1039 2672 aliquod
1065 2592 1224 2662 levamen,
1239 2584 1263 2646 id

232 2709 323 2763 esset
341 2700 375 2762 in
392 2709 427 2762 te
444 2720 521 2774 uno,
540 2708 669 2790 etcum
686 2698 828 2780 primum
848 2699 891 2761 ab
907 2698 1018 2780 aliquo
1043 2699 1169 2780 poterit
1194 2712 1263 2764 esse,

232 2817 303 2871 ate
320 2808 393 2870 erit.
436 2807 536 2870 Nunc
553 2816 667 2869 tamen
685 2806 794 2889 ipsum
804 2805 885 2892 ¹sine
902 2814 937 2868 te
954 2825 1029 2868 esse
1046 2827 1115 2869 non
1133 2820 1260 2887 possum.

268 2979 290 3013 2.
309 2964 729 3028 recepisse:cf.Ep.VIII.2n.
782 2963 867 3013 island
890 2964 920 3012 of
949 2964 1054 3021 Astura,
1079 2965 1166 3014 where
1187 2964 1216 3010 he
1235 2972 1261 3004 re

233 3031 307 3080 —C.
318 3031 464 3082 Vennoni:
475 3031 602 3094 probably
611 3031 657 3080 the
668 3045 730 3078 man
782 3029 887 3087 mained
899 3031 983 3087 alone,
996 3031 1099 3093 writing
1110 3031 1180 3095 daily
1190 3030 1261 3076 letters

234 3097 385 3147 mentioned
397 3098 422 3146 in
437 3097 483 3159 Ep.
497 3098 611 3145 XXXV.
626 3111 639 3144 2
644 3110 665 3161 5.
782 3103 818 3173 to·
829 3097 934 3174 etnicos
948 3096 1010 3160 (Ate.
1026 3110 1064 3144 12.
1077 3098 1164 3160 9-44)‚
1177 3093 1222 3206 anq
1237 3104 1262 3136 re

236 3164 732 3294 „,L‚X,'l,{1„,ltt3,¹³fi„l33{,{legii
782 3162 1261 3292 {llltlt‘a‘sstltlldsslltlll

235 3306 281 3355 ter,
303 3297 396 3353 Tullia,
416 3296 443 3344 in
464 3297 509 3344 the
529 3297 606 3345 latter
626 3304 685 3359 part
704 3294 733 3344 of
785 3294 826 3343 Cf.
844 3296 901 3345 also
920 3296 984 3344 Intr.
1002 3308 1040 3359 51,
1058 3308 1096 3360 53.

236 3363 307 3422 Feb,
315 3376 355 3429 45,
365 3362 464 3412 robbed
476 3363 570 3411 Cicero
582 3363 611 3411 of
624 3364 669 3412 the
682 3377 732 3411 one
817 3377 894 3411 nunc
913 3362 1018 3426 ipsum,
1038 3368 1068 3410 at
1082 3363 1137 3410 this
1155 3377 1211 3424 very
1225 3369 1259 3405 nro

235 3445 330 3494 person
353 3437 382 3478 to
404 3430 491 3543 vqihom
515 3430 549 3508 he
566 3444 618 3506 was
639 3429 733 3494 deeply
784 3438 878 3517 neena,
897 3429 969 3523 With
994 3428 1046 3517 tbis
1067 3431 1196 3507 meaning,
1213 3434 1261 3530 sps}

235 3495 365 3612 {llll
381 3496 733 3611 llnflfllllel‘lalnllil
784 3496 1259 3611 {lllltntltltlblllll

236 3638 265 3678 to
283 3645 298 3677 a
315 3631 398 3678 house
416 3629 557 3692 belonging
574 3636 602 3676 to
621 3630 745 3697 Atticus„
784 3629 818 3676 cf.
838 3645 908 3676 nunc
926 3630 1010 3690 ipsum
1030 3644 1082 3675 non
1099 3629 1259 3677 dubitabam

236 3710 299 3744 near
318 3698 409 3753 Rome,
427 3695 479 3744 and
500 3695 562 3744 then
581 3695 606 3744 in
625 3711 642 3743 a
659 3695 733 3744 short
783 3701 882 3743 mnmm
895 3695 995 3750 abdere,
1006 3696 1059 3742 Au.
1070 3707 1092 3754 7.
1104 3708 1126 3758 3.
1142 3710 1214 3756 2;ne
1222 3700 1260 3738 tun

237 3761 299 3810 time
314 3769 342 3808 to
355 3761 394 3811 his
407 3761 514 3829 solitary
526 3761 588 3810 villa
599 3775 670 3826 upon
687 3760 733 3809 the
783 3763 869 3825 tpsum
892 3761 1018 3817 accederet,
1041 3768 1098 3819 etc,
1124 3763 1157 3814 de
1187 3763 1223 3812 Or.
1246 3766 1257 3801 1·
