2575 4200
368 237 534 288 ClCERO’S
560 240 734 288 LETTERS.
1046 237 1076 288 2]

39 240 86 286 An.
100 253 119 287 1.
135 238 184 304 16.]

40 427 102 469 rem
119 427 244 483 meum,
263 408 306 470 de
322 406 417 470 cuius
434 406 585 469 oratione
602 427 682 488 erga
698 426 752 470 me
772 405 956 470 honorifica
978 406 1019 469 ad
1044 413 1079 467 te

41 515 248 597 scripseram:
273 515 373 578 biduo
390 534 450 597 per
466 535 569 577 unum
592 524 788 588 servum‚·et
813 535 889 577 eum
914 534 955 576 ex
978 512 1079 595 gladi-

41 624 138 686 atorio
155 624 246 700 ludo,
266 623 412 687 confecit
430 633 538 685 totum
557 622 748 706 negotium:
772 622 944 685 arcessivit
969 623 1010 684 ad
1031 642 1077 696 se,

42 731 195 812 promisit,
216 731 418 806 intercessit,
438 731 545 808 dedit;
571 731 635 794 iarn
652 750 731 794 vero
744 751 822 793 -o
843 730 877 793 di
901 730 990 804 boni,
1009 751 1078 792 rem

42 841 213 920 perditam!
228 840 389 903 —etiam
421 849 539 903 noctes
572 850 738 903 certarum
771 839 947 903 mulierum
979 848 1080 921 atque

43 949 364 1013 adulescentulorum
399 947 561 1010 nobilium
604 947 870 1011 introductiones
909 947 1079 1010 nonnullis

44 1056 199 1121 iudicibus
227 1077 287 1139 pro
312 1056 475 1120 mercedis
500 1056 633 1119 cumulo
659 1056 804 1119 fuerunt.
867 1055 928 1130 Ita,
950 1075 1080 1118 summo

44 1165 186 1230 discessu
215 1167 389 1240 bonorum,
416 1164 516 1246 pleno
544 1164 618 1227 foro
647 1184 828 1239 servorum,
858 1183 929 1226 xxv
955 1163 1080 1228 iudices

46 1273 85 1334 ira
99 1283 203 1341 tortes
226 1283 340 1336 tamen
357 1273 494 1336 iuerunt
521 1282 565 1336 ut·
582 1293 713 1335 summo
738 1272 909 1355 proposito
933 1272 1081 1353 periculo

45 1382 90 1443 vel
114 1383 222 1464 perire
248 1381 426 1444 maluerint
452 1402 551 1464 quam
581 1382 721 1463 perdere
745 1381 872 1444 omnia:
903 1399 986 1442 xxxr
1010 1380 1081 1442 fue-

47 1500 114 1553 runt
136 1511 220 1573 quos
237 1491 345 1553 fames
370 1490 477 1573 magis
502 1510 601 1572 quam
625 1489 715 1552 fama
739 1497 977 1564 commoveret;
1003 1508 1081 1569 quo-

48 1618 111 1661 rum
128 1598 268 1662 Catulus
286 1619 362 1662 curn
379 1598 519 1660 vidisset
537 1597 713 1679 quendam,
735 1591 844 1679 ‘Quid
861 1594 941 1670 vos,'
960 1596 1079 1678 inquit,

50 1707 255 1787 ‘praesidium
272 1727 291 1770 a
308 1707 405 1769 nohis
422 1705 669 1788 postulabatis?
706 1703 764 1766 An
782 1725 824 1766 ne
841 1704 969 1767 nummi
986 1704 1081 1767 vobis

49 1814 247 1896 eriperentur
271 1811 485 1877 timebatis?'
537 1813 664 1886 Habes,
692 1821 729 1874 ut
754 1811 950 1875 brevissime
976 1811 1079 1892 potui,
1100 1819 1116 1867 6

49 1942 145 2002 genus
177 1922 278 1987 iudici
308 1931 342 1986 et
375 1942 508 1984 causam
535 1921 765 1984 absolutionis.
824 1920 967 2002 Quaeris
992 1919 1082 1982 dein-

50 2050 118 2113 ceps
134 2032 189 2115 qui
207 2051 296 2095 nunc
314 2031 358 2094 sit
380 2040 489 2094 status
515 2049 623 2092 rerum
651 2038 684 2091 et
702 2029 759 2112 qui
783 2048 887 2092 meus.
938 2028 1002 2090 Rei
1025 2049 1082 2110 pu-

51 2138 145 2204 blicae
169 2149 293 2203 statum
318 2140 421 2213 illum,
441 2159 540 2221 quem
557 2147 596 2200 tu
620 2158 696 2200 meo
721 2138 870 2212 consilio,
889 2159 952 2219 ego
969 2138 1082 2200 divino

52 2250 270 2311 confirmatum
288 2249 457 2329 putabam,
476 2246 533 2329 qui
550 2247 715 2309 bonorum
733 2246 880 2308 omnium
899 2246 1083 2309 coniuncti·

51 2374 107 2418 one
132 2366 164 2419 et
192 2356 394 2420 auctoritate
421 2354 618 2419 consulatus
647 2354 713 2416 mei
741 2355 826 2416 fixus
855 2363 889 2415 et
920 2354 1081 2417 fundatus

51 2463 221 2541 videbatur,
240 2464 306 2527 nisi
322 2465 396 2547 quis
420 2484 482 2527 nos
500 2464 582 2526 deus
607 2463 803 2544 respexerit,
823 2462 971 2543 elapsum
996 2463 1081 2527 scito

51 2590 117 2635 esse
136 2573 175 2636 de
198 2573 352 2636 manibus
378 2593 445 2635 uno
470 2573 533 2636 hoc
558 2571 691 2646 iudicio,
711 2571 740 2633 si
765 2570 923 2633 iudicium
949 2581 1001 2634 est
1025 2572 1081 2634 tri-

51 2678 135 2759 ginta
157 2681 309 2745 homines
333 2680 447 2762 populi
473 2680 619 2744 Romani
642 2679 832 2743 levissimos
856 2700 895 2743 ac
920 2680 1082 2761 nequissi-

51 2806 115 2851 mos
130 2790 308 2854 nummulis
325 2789 472 2870 acceptis
489 2788 540 2851 ius
557 2809 596 2852 ac
612 2789 665 2850 ias
682 2808 781 2850 omne
797 2787 909 2849 delere
928 2796 973 2862 et,
992 2790 1081 2869 quod

52 2926 151 2979 Crassus
174 2930 389 2995 complimentary
411 2938 439 2977 to
462 2929 533 2988 him;

52 2993 91 3043 the
112 2997 199 3054 clause,
221 2999 257 3047 de
285 2998 367 3047 cuius
395 2997 533 3054 oratione,

52 3068 101 3119 eto,
120 3064 209 3122 shows
229 3064 368 3120 therefore,
389 3063 446 3112 that
468 3064 534 3111 Cal-

53 3139 112 3177 vum
132 3131 209 3180 refers
230 3136 259 3179 to
281 3131 399 3179 Crassus.
440 3132 534 3178 Calvus

54 3207 97 3243 was
111 3199 261 3262 apparently
271 3213 288 3245 a
301 3197 439 3255 nickname
457 3196 533 3259 given

54 3266 78 3306 to
97 3262 208 3321 Crassus,
232 3264 345 3327 perhaps
371 3262 482 3312 because
506 3262 534 3310 oi

54 3324 87 3374 his
104 3328 227 3380 baldness.
239 3359 271 3367 -
286 3344 320 3378 ex
342 3330 533 3379 Nanneianis:

53 3390 70 3437 ii
84 3394 122 3444 the
136 3397 239 3461 reading
255 3398 278 3445 is
296 3405 402 3454 correct,
415 3412 430 3445 a
448 3397 534 3444 thrust

55 3465 76 3505 at
92 3462 199 3523 Crassus,
224 3462 385 3512 understood
410 3463 444 3528 by
468 3462 534 3511 Atti-

55 3538 92 3575 cus
111 3528 153 3579 but
180 3530 368 3593 unintelligible
398 3537 426 3577 to
456 3546 535 3577 us.-

56 3598 198 3647 arcessivit:
231 3615 264 3647 sc.
290 3599 391 3645 iudices.
404 3626 437 3632 —
449 3598 534 3645 inter-

56 3663 139 3711 cessit:
160 3667 196 3713 i.e.
215 3680 282 3728 gave
302 3664 414 3727 security
429 3664 471 3711 ior
489 3663 533 3711 the

56 3738 166 3790 paynent.
184 3760 218 3767 -
238 3745 354 3780 summo
400 3730 532 3778 discessu

56 3792 186 3860 bonorum,
225 3798 454 3861 notwithstanding
491 3797 533 3843 the

585 2930 752 2977 withdrawal
769 2929 801 2992 of
813 2929 852 2976 all
869 2922 958 2977 honeri
973 2946 1084 2977 men.-

586 3010 660 3059 quos
678 2996 772 3043 iames
791 2995 885 3057 magis
898 3010 986 3057 quarn
1005 2996 1082 3045 fama

586 3069 789 3118 commoveret,
800 3062 857 3110 who
866 3077 931 3108 were
940 3063 1086 3124 instucnced

585 3146 654 3176 more
672 3129 701 3191 by
722 3129 835 3189 hunger
851 3130 915 3175 than
933 3129 963 3190 by
983 3129 1081 3176 honor.

585 3196 626 3244 cf.
647 3189 708 3242 Intr'.
730 3195 968 3257 103.-Catulus:
990 3196 1082 3243 consul

584 3262 610 3310 in
625 3262 657 3323 78
675 3272 725 3309 nc.
761 3260 802 3309 Ci.
816 3261 870 3310 Cic.
882 3263 913 3310 de
922 3264 975 3324 lege
986 3262 1081 3310 Manil.

586 3342 613 3394 51

617 3394 640 3444 6.
668 3397 809 3444 bonorum
848 3396 978 3445 omnium
1013 3409 1082 3445 con·

584 3462 743 3511 iunctione:
765 3462 857 3511 Cicero
870 3461 961 3525 prided
978 3461 1083 3511 himself

586 3545 656 3591 upon
687 3530 731 3577 the
760 3529 953 3577 reconciliation
980 3528 1009 3576 oi
1038 3528 1082 3578 the

584 3604 703 3645 senators
727 3595 778 3644 and
807 3595 914 3658 knights
935 3594 1016 3643 which
1041 3596 1082 3645 his

584 3663 735 3725 consulship
744 3662 797 3710 had
809 3662 922 3724 brought
932 3661 1021 3711 about.
1040 3663 1081 3711 Cf.

584 3730 637 3776 Cic.
644 3732 673 3776 in
684 3731 766 3788 Cata.
775 3729 873 3793 15.-—si
881 3729 1019 3777 iudicium
1027 3737 1082 3789 est,

583 3802 640 3852 etc,
649 3796 704 3859 isit
713 3811 761 3842 can
773 3795 800 3842 be
810 3796 894 3843 called
902 3812 919 3842 a
930 3797 997 3843 trial
1006 3798 1081 3845 when
