2575 4200
13 213 99 276 o.sr.
115 226 138 275 ἃ
153 224 177 276 5,
191 211 228 276 a]
372 212 540 261 crcnno’s
565 215 739 263 narrans.
1046 215 1078 268 95

13 401 128 454 cesso,
148 380 210 441 sed
235 399 337 461 saepe
362 380 425 442 iam
452 380 620 444 scribendi
646 391 755 444 totum
782 383 957 447 consilium
984 385 1079 448 ratio

13 508 168 571 nemque
187 488 324 552 mutavi.
375 487 462 550 Nam
478 489 542 551 iam
560 489 691 552 duobus
715 490 815 554 factis
840 491 941 567 libris,
962 494 995 554 in
1012 481 1096 576 qui-¹

13 599 81 660 hus
107 596 369 658 novendialibus
396 596 435 659 iis
459 597 560 672 feriis,
579 618 665 679 quae
690 598 826 676 fuerunt
854 599 1020 684 Tuditano
1045 612 1078 666 et

13 705 160 788 Aquilio
180 703 384 778 consulibus
406 695 517 767 sermo
538 715 590 767 est
612 727 631 768 a
654 722 707 768 me
732 707 908 771 institutus
925 709 1079 774 Africani

13 815 137 899 (paulo
161 822 244 875 ante
269 815 424 894 mortem)
451 823 484 876 et
517 814 619 888 Laeli,
649 814 742 888 Phili,
764 816 888 890 Manili,
909 819 940 880 P.
963 818 1077 894 Rutili,

13 925 58 1005 Q.
81 923 288 997 Tuberonis,
308 932 342 985 et
363 921 456 983 Laeli
479 942 690 1003 generorum,
712 924 819 988 Fanni
836 935 869 988 et
889 926 1078 1002 Scaevolae,

13 1053 133 1095 sermo
149 1041 264 1094 autem
287 1031 320 1093 in
345 1050 465 1093 novem
491 1040 524 1092 et
547 1031 619 1093 dies
637 1041 671 1100 et
696 1032 798 1096 libros
824 1034 1021 1118 distributus
1039 1038 1079 1099 de

13 1142 151 1221 optimo
174 1149 267 1202 statu
292 1139 438 1202 civitatis
468 1141 562 1200 etde
588 1136 716 1221 optimo
741 1141 813 1204 cive
832 1147 925 1228 (sane
950 1145 1080 1207 texeba-

15 1258 73 1310 tur
102 1269 193 1330 opus
222 1248 401 1322 luculente,
432 1249 673 1332 hominumque
681 1250 848 1329 ,dignitas
873 1237 1079 1332 aliquantum

15 1357 167 1419 orationi
185 1357 343 1437 ponderis
362 1347 558 1440 adferebat),
580 1358 604 1420 ii
625 1358 702 1424 libri
726 1378 802 1421 cum
827 1359 860 1420 in
887 1337 1079 1445 Tusculano

18 1465 101 1528 mihi
128 1465 507 1566 legerenturraudiente
535 1465 704 1540 Sallusti0,
723 1467 913 1530 admonitus
938 1488 1011 1530 sum
1037 1470 1078 1532 ab

18 1573 74 1635 illo
92 1574 205 1635 multo
223 1573 346 1635 maiore
370 1574 572 1656 auctoritate
596 1574 660 1637 illis
685 1575 727 1636 de
752 1575 851 1638 rebus
872 1576 942 1638 'dici
968 1589 1075 1657 posse,

19 1682 48 1742 si
73 1682 149 1762 ipse
175 1680 329 1762 loquerer'
354 1682 397 1743 de
422 1680 625 1764 republica,
645 1679 841 1763 praesertim
868 1704 943 1746 cum
969 1684 1077 1748 essem

21 1810 89 1852 non
126 1770 328 1853 Heraclides
356 1791 523 1872 Ponticus,
552 1791 611 1852 sed
637 1791 830 1866 consularis,
851 1801 884 1854 et
910 1792 937 1855 is
962 1794 1019 1874 qui
1044 1794 1077 1856 in

20 1899 173 1961 maximis
193 1908 345 1960 versatus
363 1898 398 1960 in
416 1918 453 1960 re
473 1899 605 1980 publica
625 1900 726 1961 rebus
752 1919 876 1975 essem;
900 1921 984 1982 quae
1010 1912 1075 1964 tam

22 2007 172 2089 antiquis
192 2006 382 2069 hominibus
402 2007 631 2082 attribuerem,
652 2027 692 2069 ea
708 2007 814 2074 visum
833 2009 871 2070 iri
893 2009 971 2072 ficta
989 2030 1077 2086 esse;

22 2126 193 2179 oratorum
212 2134 402 2198 sermonem
419 2115 533 2177 in'illis
560 2116 682 2179 nostris
708 2116 799 2179 libris
817 2118 872 2199 qui
897 2129 1010 2181 essent
1036 2120 1077 2183 de

23 2224 151 2287 ratione
180 2223 314 2287 dicendi
346 2223 432 2286 belle
461 2243 481 2286 a
509 2244 563 2285 me
589 2224 781 2300 removisse,
808 2227 849 2289 ad
879 2246 936 2289 eos
965 2237 1076 2290 tamen

22 2332 206 2406 rettulisse,
234 2351 318 2414 quos
352 2331 424 2413 ipse
456 2331 631 2408 vidissem3
669 2332 889 2397 Aristotelem
922 2336 1073 2417 denique,

24 2460 105 2520 quae
130 2442 173 2503 de
199 2460 234 2503 re
258 2440 390 2521 publica
426 2448 460 2503 et
492 2441 680 2521 praestanti
703 2441 774 2505 viro
807 2442 940 2518 scribat,
969 2444 1076 2525 ipsum

23 2548 120 2631 loqui.
172 2548 360 2612 Commoiit
379 2568 442 2622 me,
463 2558 497 2611 et
521 2568 560 2611 eo
586 2550 693 2631 magis
713 2551 802 2631 quod
826 2551 987 2613 maximos
1012 2573 1078 2615 mo·
1098 2578 1111 2612 2

24 2666 74 2719 tus
90 2668 231 2721 nostrae
248 2657 389 2746 civitatis
408 2657 576 2738 attingere
594 2678 662 2719 non
690 2668 850 2739 poteram,
871 2660 958 2741 quod
984 2671 1078 2726 erant

24 2764 196 2828 interiores
221 2784 321 2847 quam
349 2764 481 2828 illorum
508 2774 601 2829 aetas
625 2766 683 2847 qui
722 2766 952 2847 loquebantur.
1004 2769 1078 2850 Ego

24 2884 132 2937 autem
156 2874 190 2937 id
212 2873 321 2955 ipsum
347 2883 420 2937 tum
447 2894 536 2935 eram
563 2882 710 2949 secutus,
730 2895 773 2937 ne
801 2876 834 2937 in
859 2886 973 2938 :rostra
997 2886 1078 2939 tem-

25 3049 50 3091 in
77 3050 159 3097 horis
188 3067 294 3098 essa-
311 3050 456 3101 Tuditano
494 3057 522 3101 et
581 3051 731 3108 addressed‚
752 3048 805 3099 and
826 3050 885 3098 who
906 3052 999 3101 relates
1023 3052 1079 3101 Cic·

27 3113 136 3176 Aquilio
153 3116 336 3166 consulibus:
354 3119 392 3165 ir.
408 3133 456 3182 129
471 3130 520 3167 Bc
581 3120 649 3167 ero's
670 3118 758 3167 dream
779 3118 804 3165 in
824 3119 855 3165 de
872 3120 935 3165 Diu.
957 3131 976 3165 1.
1000 3131 1078 3183 59.-

27 3196 153 3231 -sermo
172 3191 227 3241 est,
243 3190 303 3231 etc:
323 3184 356 3231 cf.
374 3187 424 3233 Ate.
442 3200 465 3245 4.
485 3184 521 3233 16.
581 3185 753 3235 consularis:
772 3183 823 3231 and
840 3183 970 3233 therefore
987 3201 1003 3233 a
1018 3201 1077 3233 man

27 3250 155 3304 ztwritten
164 3249 191 3296 in
202 3250 263 3313 July
271 3250 300 3297 of
313 3250 364 3299 this
377 3252 523 3316 year)-in
580 3252 609 3299 of
628 3253 704 3300 much
725 3251 879 3314 experience
895 3250 921 3298 in
939 3252 1078 3314 managing

27 3325 148 3364 novem.
168 3351 175 3364 .
197 3351 203 3364 .
222 3316 330 3365 libros:
350 3318 394 3366 the
412 3315 522 3366 finished
580 3318 625 3366 the
649 3318 736 3367 affairs
762 3318 791 3365 of
814 3334 830 3366 a
853 3326 924 3379 great
947 3333 1078 3366 common·

27 3382 89 3429 work
107 3384 224 3447 actually
248 3384 386 3432 contained
412 3384 458 3433 but
482 3384 523 3432 six
578 3385 680 3441 wealth,
699 3385 751 3433 and
769 3394 815 3434 not
837 3402 852 3433 a
872 3401 940 3433 mere
956 3384 1077 3447 publicist

26 3443 103 3499 books
122 3451 166 3512 (ct.
187 3452 218 3499 dc
240 3452 303 3497 Diu.
321 3464 343 3497 2.
361 3450 395 3514 3).
432 3451 522 3499 About
578 3452 630 3499 like
647 3451 893 3501 Heraclides—de
912 3452 1021 3500 ratione
1034 3451 1078 3500 di·

27 3516 148 3565 onsthird
160 3517 190 3565 of
202 3517 222 3565 it
237 3517 260 3564 is
280 3523 375 3565 extant.
386 3546 419 3553 —
428 3517 523 3566 homi·
578 3518 676 3566 cendi:
694 3518 738 3565 the
754 3520 784 3567 de
799 3520 912 3576 Oratore,
926 3518 1007 3566 which
1020 3534 1076 3580 pur·

27 3592 97 3631 num:
117 3585 155 3633 i.e.
172 3582 323 3638 Africanus,
342 3583 453 3641 Laelius,
469 3582 520 3631 and
575 3592 650 3646 ports
663 3592 690 3631 to
703 3584 735 3632 be
748 3600 763 3632 a
775 3584 920 3633 discussion
940 3585 996 3633 that
1011 3585 1075 3633 took

27 3646 64 3694 the
75 3648 171 3699 others.
184 3675 220 3684 -
229 3647 381 3697 Sallustio:
395 3649 521 3712 probdbly
575 3651 648 3711 place
661 3651 686 3697 in
701 3651 814 3698 Cicero’s
827 3651 907 3714 youth
923 3649 984 3712 (uc.
997 3650 1049 3714 91).

29 3710 65 3761 the
81 3730 139 3765 man
158 3723 188 3765 to
211 3714 299 3763 whom
317 3716 388 3763 Fam.
411 3730 433 3763 2.
453 3730 480 3778 17
499 3716 521 3764 is
610 3730 633 3764 2.
663 3716 820 3773 inferiores,
845 3733 914 3764 neore
942 3725 1076 3766 recent-
