2575 4200
199 218 247 271 174
534 222 702 271 CICERO’S
728 223 900 271 LETTERS.
1128 222 1192 288 [Ep.
1212 223 1250 270 LI

554 456 611 521 Li.
648 456 752 541 (Fam.
771 475 802 520 2.
824 458 889 539 16.)

405 630 441 679 Μ.
466 632 605 680 CICERO
631 632 705 681 lMP.
727 632 753 680 S.
776 633 810 679 D.
833 632 868 680 M.
890 632 1037 681 CAELIO.

168 792 177 827 1
246 765 371 847 Magno
388 766 501 827 dolore
523 766 805 829 meadlecissent
830 776 907 829 tuae
932 767 1066 829 litterae
1093 768 1160 830 nisi
1184 769 1256 830 iam

198 883 232 935 et
262 874 346 935 ratio
376 873 447 955 ipsa
471 874 655 955 depulisset
684 894 800 937 omnes
829 875 998 937 molestias
1028 885 1062 937 et
1090 877 1258 938 diuturna

198 981 431 1063 desperatione
464 1002 573 1043 rerum
606 982 820 1045 obduruisset
852 983 982 1045 animus
1023 985 1063 1046 ad
1099 985 1258 1045 dolorem

199 1110 329 1152 novum.
381 1088 448 1152 Sed
466 1099 579 1151 tamen
595 1110 697 1171 quare
714 1090 871 1153 acciderit
889 1102 925 1152 ut
948 1112 988 1152 ex
1012 1092 1099 1153 meis
1125 1093 1259 1174 superi-

198 1198 310 1260 oribus
330 1196 451 1261 litteris
471 1196 503 1259 id
529 1197 736 1279 suspicarere
754 1199 841 1280 quod
868 1198 985 1262 scribis
1011 1200 1147 1275 nescio;
1173 1201 1257 1282 quid

199 1306 286 1367 enim
305 1306 337 1366 in
357 1301 418 1367 illis
435 1304 499 1367 fuit
517 1316 649 1387 praeter
667 1307 834 1387 querelam
858 1316 1056 1388 temporum,
1075 1329 1168 1389 quae
1184 1328 1257 1370 non

198 1433 308 1475 meum
337 1414 484 1476 animum
513 1413 619 1495 magis
645 1413 823 1476 sollicitum
851 1414 975 1477 habent
1000 1436 1102 1497 quam
1129 1418 1258 1478 tuum?

201 1522 286 1583 Nam
317 1542 382 1583 non
412 1541 484 1583 eam
514 1522 656 1602 cognovi
685 1522 789 1584 aciem
819 1522 934 1604 ingeni
966 1522 1023 1595 tui,
1051 1525 1144 1604 quod
1183 1524 1258 1605 ipse

198 1629 337 1703 videam,
350 1638 384 1691 te
402 1629 434 1690 id
451 1638 487 1691 ut
505 1650 573 1691 non
591 1639 706 1711 putem
724 1631 845 1693 videre.
897 1629 981 1692 illud
998 1630 1114 1705 miror,
1129 1632 1258 1695 adduci

199 1738 347 1819 potuisse
364 1746 408 1810 te,
427 1737 483 1819 qui
499 1758 553 1799 me
573 1738 708 1819 penitus
731 1758 831 1800 nosse
848 1738 996 1812 deberes,
1016 1748 1052 1800 ut
1078 1739 1258 1801 existima-

199 1865 251 1907 res
267 1856 325 1908 aut
342 1866 395 1907 me
413 1855 480 1907 tam
502 1845 722 1927 improvidum
739 1846 796 1927 qui
816 1846 858 1908 ab
875 1845 1019 1908 excitata
1043 1846 1190 1909 fortuna
1214 1849 1256 1910 ad

199 1954 391 2017 inclinatam
415 1963 448 2015 et
473 1974 577 2035 prope
600 1954 764 2047 iacentem
782 1953 1012 2028 desciscerem,
1030 1963 1089 2016 aut
1108 1964 1185 2018 tarn
1210 1958 1257 2018 in-

199 2071 409 2126 constantem
427 2071 463 2124 ut
481 2062 656 2126 collectam
680 2061 820 2144 gratiam
846 2060 1075 2127 florentissimi
1101 2063 1257 2127 hominis
1276 2044 1277 2080 ¹

199 2171 407 2233 effunderem
440 2191 459 2232 a
491 2190 609 2252 meque
642 2171 714 2251 ipse
746 2171 923 2234 deficerem
956 2180 1000 2244 et,
1025 2172 1118 2252 quod
1153 2173 1256 2236 initio

167 2279 495 2360 2semperque-fugi,
515 2278 602 2341 civili
623 2279 711 2341 bello
727 2279 934 2342 interessem.
985 2278 1086 2361 Quod
1113 2290 1169 2343 est
1197 2282 1256 2363 igi-

199 2397 252 2449 tur
269 2407 379 2448 meum
399 2387 514 2449 ‘triste
537 2387 712 2450 consilium
725 2385 758 2449 '?
806 2387 852 2449 Vt
869 2387 1075 2449 discederem
1102 2387 1255 2451 fortasse

199 2495 232 2557 in
250 2495 375 2576 aliquas
393 2495 598 2558 solitudines.
651 2495 750 2557 Nosti
772 2495 860 2556 enim
879 2515 944 2556 non
963 2495 1062 2556 modo
1080 2498 1253 2560 stomachi

233 2652 276 2699 Ll.
291 2652 399 2708 Cumae,
411 2652 472 2715 May
482 2665 504 2711 4,
516 2665 548 2713 49
558 2663 607 2699 uc.
629 2651 694 2699 This
747 2651 781 2699 cf.
791 2651 946 2699 Thielmann
956 2652 982 2698 in
993 2652 1103 2714 Arduf
1115 2653 1176 2700 Lat.
1189 2654 1252 2701 Lex.

199 2718 220 2766 is
245 2719 359 2766 Cicero‘s
383 2719 454 2782 reply
478 2727 505 2765 to
530 2719 577 2780 Ep.
603 2720 632 2765 L.
670 2720 691 2765 A
749 2718 784 2765 11.
799 2717 885 2781 372ff·
923 2717 972 2766 See
985 2718 1042 2765 also
1056 2718 1121 2765 Intr.
1135 2719 1253 2778 8401.-

199 2785 291 2832 month
309 2785 375 2832 after
393 2785 426 2832 he
442 2793 522 2832 wrote
540 2785 592 2832 this
609 2785 694 2841 letter,
732 2785 815 2833 'nam
836 2799 894 2833 non
918 2798 992 2842 eam,
1012 2792 1070 2840 ete,
1081 2785 1133 2846 for
1151 2787 1173 2832 I
1187 2788 1252 2834 have

199 2852 224 2898 in
243 2851 324 2899 which
344 2852 376 2899 he
395 2851 525 2899 disclaims
547 2866 597 2915 any
614 2852 695 2899 interr·
746 2852 906 2914 appreciatrd
927 2867 997 2912 your
1019 2854 1189 2912 penetration
1214 2862 1251 2899 too

199 2918 254 2966 tion
267 2918 295 2964 ol
313 2917 413 2980 joining
425 2919 469 2965 the
484 2919 649 2980 Pompeians,
662 2917 695 2966 he
746 2919 805 2965 well
821 2925 846 2964 to
859 2924 962 2978 suppose
973 2917 1089 2978 ttatyou
1101 2918 1135 2963 do
1153 2925 1200 2964 not
1215 2935 1251 2965 see

198 2992 238 3032 set
251 2993 296 3031 out
308 2983 351 3031 for
363 2984 407 3032 the
422 2985 491 3031 East.
527 2985 591 3033 This
609 3000 695 3033 seems
745 2985 847 3031 what]
860 3001 904 3032 see.
941 2983 1056 3031 Cicero’s
1074 2983 1140 3044 high
1159 2999 1250 3047 appre-

199 3059 226 3098 to
239 3050 298 3098 bea
315 3050 391 3097 lrank
405 3059 553 3108 statement,
566 3052 694 3106 however,
746 3051 841 3098 ciation
859 3050 888 3098 of
910 3050 955 3097 the
972 3049 1088 3112 politica}
1106 3049 1249 3112 judgmem

198 3117 227 3164 of
239 3117 352 3164 Cicero's
364 3117 505 3165 intentioris
519 3126 545 3165 at
558 3118 602 3166 the
615 3118 684 3165 time.
745 3116 970 3178 and'loresightof
978 3116 1249 3166 Caeliuswasshown
1271 3154 1272 3167 .

234 3197 254 3230 r.
273 3184 347 3232 meis
360 3185 556 3245 superioribus
572 3184 676 3232 litteris
689 3201 694 3229 :
745 3182 779 3247 by
791 3184 831 3230 his
844 3183 967 3231 selection
980 3183 1009 3230 ol
1027 3183 1081 3230 him
1095 3197 1125 3230 as
1138 3183 1181 3232 his
1194 3201 1250 3247 spe

198 3251 230 3299 cf.
240 3252 291 3298 tuis
302 3251 399 3305 litteris,
414 3251 460 3312 Ep.
473 3252 501 3298 L.
514 3265 523 3297 1
536 3267 561 3298 n.
571 3279 604 3285 -
614 3251 693 3298 solli·
745 3251 793 3298 cial
806 3249 1008 3312 correspondent
1020 3250 1045 3296 in
1061 3262 1250 3314 31-5013.C.-
1270 3286 1271 3333 p

197 3319 286 3366 citum
322 3319 446 3366 habent:
482 3318 527 3366 the
556 3317 693 3382 analytica]
745 3317 889 3364 hominis:
908 3319 946 3362 tle.
961 3318 1085 3365 Caesaris.

197 3384 304 3432 method
330 3385 358 3431 ol
386 3383 499 3444 forming
528 3384 571 3432 the
594 3385 693 3446 perfect
780 3398 801 3430 2.
820 3384 902 3431 triste
921 3383 1094 3432 consilium:
1116 3384 1181 3431 with
1201 3386 1248 3433 rei·
1270 3424 1271 3439 ,

197 3458 293 3508 tenses,
308 3465 336 3498 as
349 3450 495 3498 illustrated
513 3451 546 3514 by
558 3452 633 3498 habeo
644 3452 693 3497 dic·
745 3465 836 3498 erence
848 3449 974 3513 probably
985 3456 1059 3496 tote.
1072 3485 1077 3495 .
1090 3453 1247 3506 estendam,

196 3524 250 3565 tum
280 3518 321 3564 for
344 3519 409 3572 dixi,
434 3517 515 3564 which
540 3513 613 3564 carn'e
637 3517 693 3563 into
746 3518 792 3578 Ep.
812 3517 840 3562 L.
856 3529 876 3571 1,
889 3515 941 3563 and
959 3523 987 3562 to
1005 3523 1077 3562 tuum
1098 3519 1246 3572 consilium,

197 3598 282 3645 vogue
306 3584 330 3630 in
356 3585 407 3630 late
433 3583 508 3630 Latin
533 3582 584 3630 and
604 3584 629 3630 in
649 3582 694 3630 the
745 3592 802 3638 ete,
823 3584 852 3630 L.
871 3580 1141 3645 3.—solitudines:
1168 3584 1247 3632 Dola·

198 3649 331 3698 Romance
365 3650 515 3711 languages,
548 3647 693 3711 developed
745 3649 820 3704 bella,
838 3663 854 3696 a
876 3647 926 3696 lew
943 3647 1029 3696 weeks
1052 3649 1125 3703 later,
1145 3648 1173 3696 in
1199 3651 1245 3712 Ep.

196 3723 243 3765 out
256 3715 285 3764 of
301 3715 365 3765 such
378 3715 569 3765 combinations
582 3731 610 3762 as
623 3715 675 3763 this
687 3732 693 3772 ;
746 3715 805 3762 LII.
819 3729 840 3778 3,
854 3722 974 3777 suggests
990 3729 1006 3762 a
1017 3713 1117 3762 similar
1134 3715 1245 3778 plam-
1268 3723 1269 3726 ’
