2575 4200
18 306 77 354 rn-
108 301 150 356 15·
163 287 200 355 4-1

362 285 530 340 CICERO'S
554 287 730 340 LETTERS.
1025 285 1071 342 131

18 466 108 522 rest
135 457 249 540 aliqua
269 457 320 521 vis
341 447 486 521 desideri
507 459 549 522 ad
573 445 759 522 sanandum
775 458 898 559 yulnus
922 456 1071 533 iniuriae,

18 575 27 628 t
51 566 194 628 faveas
212 565 409 649 adiutorque
426 566 484 642 sis,
502 567 591 650 quod
611 566 710 649 paulo
733 576 812 629 ante
836 587 890 629 me
915 587 1072 649 negaram

18 683 230 756 >gaturum,
248 675 467 738 vehementer
483 684 517 738 te
535 695 626 757 rogo,
642 676 702 738 sed
719 675 774 750 ita,
794 675 822 737 si
840 695 906 737 non
925 674 1072 738 ieiunum

18 803 69 846 oc
97 783 222 846 nescio
242 782 321 865 quid
338 777 426 865 quod
445 803 506 866 ego
523 783 614 865 gessi
632 792 666 846 et
684 784 968 847 contemnendum
985 783 1073 846 vide-

18 890 122 966 itur‚
143 891 205 953 sed
229 891 295 953 tale
316 900 417 973 atque
434 900 566 955 tantum
584 900 620 954 ut
638 890 735 953 multi
755 912 965 974 nequaquam
989 892 1072 973 pari-

18 990 73 1061 us
114 999 219 1062 rebus
248 999 395 1061 honores.
420 1019 569 1062 summos
596 1020 615 1061 a
641 1009 761 1063 senatu
790 998 963 1062 consecuti
992 999 1069 1062 sint.

18 1106 193 1188 iquidem
212 1106 312 1169 etiam
331 1106 412 1170 illud
429 1107 511 1169 mihi
528 1106 677 1169 animum
698 1107 883 1170 advertisse
899 1107 1015 1169 videor
1026 1147 1072 1154 -

18 1215 80 1277 cis
107 1214 200 1276 enim
218 1234 317 1297 quam
333 1223 464 1278 attente
481 1224 516 1277 te
533 1215 649 1277 audire
667 1214 847 1278 soleam-
858 1223 893 1278 te
918 1224 1071 1279 nontam

19 1342 63 1385 es
101 1331 219 1404 gestas
236 1343 334 1403 quam
359 1343 480 1398 mores,
499 1323 666 1397 instituta,
688 1331 789 1404 atque
805 1322 908 1386 vitam
934 1323 1071 1406 impera-

18 1451 135 1492 orum
170 1439 322 1512 spectare
354 1430 462 1494 solere
485 1431 520 1493 in
546 1430 709 1494 habendis
733 1442 791 1494 aut
816 1451 883 1493 non
909 1432 1071 1495 habendis

18 1538 219 1602 ronoribus.
270 1538 419 1622 Quodsi
441 1539 474 1601 in
499 1559 574 1601 mea
598 1560 700 1603 causa
724 1539 962 1615 considerabis,
981 1561 1072 1622 repe·

18 1647 88 1709 ies
106 1667 163 1710 me
180 1647 329 1710 exercitu
349 1647 517 1710 imbecillo
538 1656 657 1711 eontra
680 1657 806 1711 metum
833 1648 967 1711 maximi
992 1648 1071 1712 belli

18 1754 253 1819 irmissimum
271 1756 473 1837 praesidium
496 1756 655 1819 habuisse
678 1756 882 1838 aequitatem
908 1767 941 1820 et
967 1757 1070 1820 conti·
1137 1833 1141 1850 1

18 1864 185 1927 ueritiam.
237 1863 302 1926 His
323 1884 386 1946 ego
411 1863 570 1927 subsidiis
595 1884 634 1926 ea
659 1884 733 1927 sum
758 1874 961 1928 consecutus
985 1886 1070 1948 quae

18 1972 125 2034 nullis
143 1971 334 2053 legionibus
352 1972 512 2054 consequi
530 1972 725 2053 potuissem,
744 1981 780 2035 ut
799 1992 839 2035 ex
855 1972 1070 2037 alienissimis

18 2080 124 2143 sociis
141 2079 374 2156 amicissimos
394 2100 434 2144 ex
459 2080 698 2144 infidelissimis
723 2080 932 2145 firmissimos
957 2083 1070 2145 redde-

18 2209 102 2263 rem,
137 2188 336 2271 animosque
368 2209 528 2253 novarum
561 2209 673 2252 rerum
709 2190 961 2271 exspectatione
1001 2212 1069 2254 sus·
1139 2181 1142 2187 ’

19 2316 148 2377 pensos
177 2297 218 2359 ad
242 2296 366 2360 veteris
397 2296 515 2379 imperi
546 2297 816 2361 benevolentiam
849 2299 1067 2379 traducerem.

19 2404 90 2467 Sed
110 2405 212 2467 nimis
232 2406 314 2468 haec
339 2405 444 2469 multa
460 2406 502 2468 de
526 2426 590 2480 me,
609 2406 806 2487 praesertim
832 2407 873 2469 ad
897 2416 942 2481 te,
960 2428 980 2470 a
995 2387 1069 2489 ‘quo
1090 2433 1100 2467 1
1106 2431 1118 2484 ς

19 2533 89 2575 uno
107 2513 258 2575 omnium
276 2512 442 2576 sociorum
460 2513 616 2595 querelae
635 2514 825 2577 audiuntur.
876 2514 1069 2596 Cognosces

21 2640 61 2683 ex
78 2620 121 2683 iis
135 2620 192 2702 qui
209 2620 294 2683 meis
312 2620 477 2684 institutis
495 2641 532 2683 se
549 2630 717 2684 recreatos
734 2632 865 2704 putant.
915 2622 1069 2705 Cumque

22 2748 141 2791 omnes
157 2749 225 2791 uno
242 2748 345 2810 prope
361 2749 528 2793 consensu
545 2730 587 2791 de
604 2750 658 2793 me
674 2731 763 2811 apud
780 2740 814 2793 te
831 2750 870 2793 ea
886 2751 971 2813 quae
987 2732 1069 2794 mihi

23 2835 234 2917 optatissima
258 2845 337 2899 sunt
362 2837 612 2918 praedicabunt,
631 2847 705 2900 tum
722 2838 807 2901 duae
827 2839 990 2902 maximae
1015 2840 1069 2903 cli-

25 2945 155 3007 entelae
180 2953 267 3018 tuae,
295 2944 426 3028 Cyprus
453 2945 563 3007 insula
592 2955 626 3008 et
660 2945 891 3028 Cappadociae
916 2968 1066 3029 regnum,

26 3061 135 3117 tecum
152 3053 194 3115 de
211 3072 265 3115 me
282 3052 461 3134 loquentur
477 3074 485 3129 ;
509 3063 591 3135 puto
612 3054 715 3117 etiam
737 3074 851 3137 regem
871 3056 1068 3119 Deiotarum

59 3258 95 3304 14.
116 3243 203 3306 paulo
223 3252 308 3292 ante:
331 3244 357 3292 in
379 3245 520 3293 11.-hoc

28 3312 123 3359 nescio
132 3310 212 3374 quid:
224 3325 240 3358 a
249 3310 342 3373 phrase
352 3310 381 3358 oi
390 3310 519 3375 modesty;

28 3378 57 3424 cf.
72 3392 107 3441 13.
118 3406 150 3413 -
159 3391 263 3435 mores,
277 3376 418 3436 instituta,
432 3386 519 3441 atque

28 3444 130 3492 vitam:
151 3444 225 3491 when
243 3443 269 3491 in
289 3443 381 3492 Cicero
400 3443 472 3492 three
490 3459 520 3492 or

30 3525 95 3559 more
112 3510 288 3559 substantives
305 3510 396 3558 follow
408 3525 458 3559 one
476 3526 519 3558 an-

30 3578 105 3633 other,
118 3593 151 3625 no
164 3575 318 3625 connective
330 3577 352 3625 is
371 3576 443 3633 used,
456 3592 485 3624 or
503 3592 519 3625 a

30 3644 172 3692 connective
190 3643 212 3691 is
231 3642 295 3691 used
308 3642 368 3691 with
387 3643 450 3692 each
463 3643 519 3706 pair

31 3710 56 3757 ol
77 3710 259 3766 substantives,
278 3724 308 3757 or
327 3709 371 3758 the
389 3710 518 3758 members

31 3777 57 3825 ol
67 3778 107 3826 the
118 3778 167 3825 last
176 3776 234 3839 pair
242 3777 303 3840 only
310 3791 353 3825 are
366 3774 518 3834 connected,

571 3244 597 3293 in
618 3245 703 3294 which
725 3260 785 3295 case
805 3262 853 3309 que
874 3245 898 3295 is
920 3247 1069 3312 commonly

571 3312 716 3377 employed.

570 3391 643 3493 dl
659 3378 1068 3494 tltltsshuhfltltlt}

570 3509 604 3576 by
617 3512 685 3560 Cato
699 3512 724 3559 in
739 3512 768 3577 58
782 3524 840 3568 u.c.‚
851 3512 902 3560 and
914 3512 1066 3561 henceforth

569 3577 603 3626 he
615 3593 668 3626 was
685 3579 719 3627 its
731 3586 867 3641 patronus.
904 3580 929 3627 It
941 3594 993 3628 was
1010 3587 1067 3641 part

570 3644 599 3692 of
612 3643 726 3693 Cicero's
735 3646 906 3707 province—
917 3646 1069 3708 Cappado-

570 3710 631 3758 ciae
651 3724 792 3774 regnum:
812 3711 844 3759 cf.
862 3714 935 3760 cuius
952 3714 1067 3769 salutem,

570 3785 626 3835 etc,
645 3776 668 3826 6.
710 3778 762 3825 For
779 3777 892 3826 Cicero’s
910 3778 1021 3828 services
1039 3786 1068 3829 to
