2575 4200
237 225 286 278 176
579 225 747 275 CICERO’S
772 227 947 275 LETTERS.

1169 227 1228 291 [Ep.
1239 229 1265 276 ll

237 413 312 457 cum
330 394 505 457 audissem.
550 395 674 457 Nonne
690 393 752 457 tibi
769 394 940 456 adfirmavi
956 393 1087 476 quidvis
1104 415 1162 457 me
1177 397 1268 476 potius

237 521 473 584 perpessurum
490 523 588 584 quam
606 523 647 565 ex
665 502 762 565 Italia
779 503 821 565 ad
842 502 966 566 bellum
983 502 1080 565 civile
1096 502 1268 565 exiturunl

239 609 330 693 Quid
354 631 434 692 ergo
459 610 580 674 accidit
609 632 668 674 eur
701 611 876 676 consilium
908 611 1097 673 mutarem?
1165 611 1268 674 Nonne

237 719 349 781 omnia
364 718 485 800 potiuS,
499 729 535 781 ut
550 719 583 781 in
601 719 771 782 sententia
788 720 1042 802 permanerem?
1078 719 1206 783 Credas
1221 721 1268 809 hoq

237 827 320 896 mihi
334 827 445 901 velim,
463 828 551 909 quod
568 837 650 908 puto
667 836 702 895 te
720 828 920 903 existimare,
939 848 994 890 me
1010 849 1051 890 ex
1071 827 1125 890 his
1144 827 1268 907 miseriis

238 935 321 996 nihil
338 935 428 998 aliud
444 955 613 1017 quaerere,
633 935 699 998 nisi
716 946 752 999 ut
777 936 930 999 homines
955 936 1135 1018 aliquando
1160 914 1267 997 intelle

237 1052 318 1125 gant
336 1062 389 1105 me
407 1043 490 1105 nihil
508 1043 666 1107 maluisse
683 1065 780 1126 quam
801 1064 926 1126 pacem,
946 1063 986 1106 ea
1001 1045 1181 1125 desperata
1203 932 1268 1133 nihii

238 1161 305 1213 tam
322 1151 451 1233 fugisse
468 1172 566 1233 quam
584 1172 675 1215 arma
692 1152 809 1215 civilia.
861 1151 971 1214 Huius
996 1172 1050 1214 me
1076 1140 1268 1225 constantim

238 1269 318 1340 puto
342 1259 415 1321 fore
441 1268 477 1321 ut
502 1280 681 1343 numquam
706 1261 885 1351 paeniteat.
937 1260 1072 1322 Etenim
1093 1259 1228 1321 memini
1245 1259 1268 1383 hp

238 1368 301 1430 hoc
326 1387 450 1449 genere
482 1368 616 1449 gloriari
642 1369 777 1431 solitum
803 1387 878 1430 esse
909 1368 1106 1430 familiarem
1134 1377 1268 1463 nostrum

240 1475 281 1558 Q.
298 1475 528 1549 Hortensium,
544 1477 632 1558 quod
650 1497 830 1559 numquam
847 1476 934 1538 bello
952 1476 1040 1539 civili
1058 1475 1268 1557 interfuisset}

238 1584 301 1646 hoc
331 1593 446 1647 nostra
473 1583 546 1646 laus
576 1584 639 1660 erit
669 1584 849 1659 inlustrior,
877 1585 964 1666 quod
996 1584 1043 1646 illi
1076 1584 1268 1671 tribuebatur

239 1691 401 1773 ignaviae,
426 1693 467 1754 de
499 1692 596 1754 nobis
620 1679 663 1755 'id
695 1693 877 1754 existimari
906 1712 1005 1774 posse
1035 1713 1102 1754 non
1131 1691 1267 1757 arbitror.

204 1826 220 1870 4
239 1800 312 1862 Nec
328 1819 382 1862 me
399 1799 463 1862 ista
479 1808 607 1862 terrent
621 1821 705 1882 quae
721 1800 802 1862 mihi
815 1821 835 1864 a
847 1810 881 1862 te
894 1801 935 1862 ad
953 1801 1106 1863 timorem
1124 1799 1268 1867 fidissime

238 1917 338 1990 atque
354 1908 584 1971 amantissime
608 1918 850 1989 proponuntur.
902 1909 1004 1973 Nulla
1020 1918 1073 1971 est
1090 1906 1180 1969 enim
1197 1927 1268 1989 acen

184 2031 190 2042 ·
238 2015 325 2078 bitas
343 2035 427 2097 quae
452 2035 519 2077 non
545 2015 700 2078 omnibus
725 2016 786 2079 hac
811 2016 902 2079 orbis
925 2025 1089 2079 terrarum
1114 2015 1268 2096 perturbas

237 2124 329 2187 tione
362 2124 555 2205 impendere
586 2126 758 2202 videatur;
798 2146 896 2208 quam
936 2125 1070 2207 quidem
1102 2144 1166 2205 ego
1196 2144 1215 2185 a
1243 2131 1268 2202 re}

158 2305 164 2320 ⁸
238 2232 371 2313 publica
394 2232 477 2295 meis
502 2232 639 2313 privatis
665 2242 699 2295 et
719 2233 913 2296 domesticis
939 2232 1158 2295 incommodis
1182 2231 1268 2306 libeni

238 2340 368 2403 tissime
391 2342 445 2403 vel
470 2340 544 2403 istis
571 2340 661 2423 ipsis
684 2360 768 2423 quae
793 2350 831 2403 tu
855 2361 909 2404 me
933 2360 1050 2403 mones
1075 2349 1111 2403 ut
1136 2358 1267 2438 caveam

207 2472 220 2524 5
238 2449 465 2511 redemissem.
517 2449 603 2511 Filio
620 2469 705 2524 meo,
725 2469 823 2531 quem
841 2449 902 2512 tibi
920 2469 1032 2512 carum
1050 2467 1125 2510 esse
1142 2446 1267 2528 gaudeo.

238 2557 266 2618 si
299 2556 360 2619 erit
394 2558 460 2619 ulla
488 2577 543 2619 res
577 2556 718 2637 publica,
753 2557 836 2619 satis
868 2557 1013 2638 amplum
1046 2554 1267 2637 patrimonium,

239 2663 421 2745 relinquam
448 2664 481 2726 in
506 2665 666 2727 memoria
689 2664 835 2729 nominis
860 2665 945 2740 mei;
978 2664 1029 2727 sin
1055 2674 1168 2726 autem
1193 2662 1267 2723 nulla

239 2772 310 2847 erit,
331 2772 412 2833 nihil
429 2772 557 2835 accidet
575 2773 606 2834 ei
623 2772 802 2855 separatim
820 2794 840 2836 a
857 2772 991 2855 reliquis
1009 2772 1148 2835 civibus.
1195 2771 1267 2832 Nan,

238 2881 326 2962 quod
343 2900 440 2961 rogas
458 2890 493 2942 ut
512 2880 687 2961 respiciam
710 2900 870 2963 generum
893 2901 1013 2954 meum,
1033 2879 1262 2967 adulescentem

238 3034 260 3083 3.
268 3048 302 3055 -
312 3020 454 3069 exiturum
467 3038 472 3066 ε
485 3020 552 3069 after
558 3023 645 3082 potius
656 3037 734 3083 quam

237 3087 263 3133 in
283 3086 393 3135 indireet
410 3086 544 3135 discourse
563 3086 606 3135 the
624 3087 694 3135 infin.
713 3088 735 3135 is

237 3152 282 3201 the
290 3154 391 3215 regular
399 3154 587 3213 construction;
598 3154 630 3201 cf.
640 3153 734 3209 Krebs,

168 3251 171 3261 ·
238 3221 435 3275 Antibarbarus
449 3221 485 3268 Il.
499 3234 554 3284 310.
563 3235 651 3268 —me
664 3220 735 3268 nihil

237 3286 385 3345 maluisse,
400 3294 459 3334 ete:
474 3302 543 3348 upon
558 3287 673 3335 Cicero’s
686 3288 735 3335 sin-

144 3363 147 3368 '
237 3368 294 3401 cere
307 3353 391 3401 desire
408 3352 451 3400 for
462 3368 549 3416 peace,
563 3353 595 3401 cf.
608 3370 665 3401 eum
679 3356 735 3415 pri·

149 3444 156 3455 ·
237 3436 307 3466 mum
321 3422 403 3481 potui,
417 3420 465 3482 Ep.
480 3420 580 3468 XLIX.
595 3435 608 3467 2
622 3436 646 3467 n.
656 3447 689 3454 —
699 3421 734 3482 Q.

238 3486 440 3534 Hortensium:
453 3486 498 3534 the
509 3495 604 3542 orator,
613 3487 672 3534 who
682 3486 734 3534 had

237 3551 297 3599 died
309 3552 335 3599 in
351 3566 380 3616 50
394 3565 443 3600 mc.

270 3632 293 3677 4.
306 3633 380 3681 quae
395 3654 401 3665 .
416 3653 421 3665 .
436 3654 442 3665 .
456 3618 734 3681 proponuntur:with

238 3684 368 3733 reference
382 3694 409 3733 to
422 3686 518 3733 certain
536 3694 691 3734 statements
708 3686 734 3732 in

238 3749 365 3799 Caelius’s
386 3752 469 3808 letter,
487 3768 529 3815 eg.
551 3754 575 3798 si
595 3753 734 3809 existimas,

787 3030 844 3076 ete,
858 3023 905 3085 Ep.
918 3023 947 3069 L.
960 3034 1022 3073 1.1-
1031 3019 1221 3068 incommodis
1230 3016 1262 3063 rel

787 3088 852 3136 istis
864 3088 954 3150 ipsis:
972 3089 1009 3135 ie.
1020 3087 1098 3135 those
1110 3102 1174 3150 very
1186 3084 1261 3132 mistor-

786 3162 862 3202 tunes
876 3153 959 3203 which
972 3169 1023 3217 you
1041 3152 1160 3201 mention
1177 3153 1200 3199 in
1215 3163 1261 3214 your

786 3221 869 3278 letter,
887 3237 930 3283 ag.
951 3220 997 3283 Ep.
1023 3221 1053 3267 L.
1073 3233 1086 3283 5
1109 3221 1187 3268 etiam
1206 3224 1261 3278 apsi

785 3290 869 3343 etaiam,
890 3289 982 3342 Cicero,
999 3287 1076 3347 cogita
1095 3302 1126 3333 ne
1144 3292 1168 3332 te
1182 3292 1261 3344 tuosque

785 3356 868 3402 omnis
873 3354 1000 3417 funditus
1011 3361 1115 3401 evertas.
1266 3405 1268 3422 s

822 3433 842 3485 5.
864 3420 1021 3467 memoria:
1040 3418 1177 3465 Hofmann
1189 3423 1267 3479 quote*

786 3488 815 3535 de
832 3488 923 3542 Domo,
944 3485 989 3545 146
1006 3486 1092 3532 liberis
1111 3486 1203 3531 nostris
1217 3489 1256 3528 sat

785 3555 900 3615 amplum
914 3554 1102 3614 patrimonium
1116 3551 1221 3612 paterni
1234 3562 1259 3592 ns

786 3621 866 3668 minis
882 3636 912 3666 ac
929 3620 1066 3666 memoriae
1087 3625 1186 3665 nostrae
1203 3615 1258 3661 reim

786 3702 899 3748 quernus,
912 3684 963 3733 and
980 3687 1010 3733 de
1023 3685 1071 3752 Qffi
1087 3697 1108 3730 1.
1124 3698 1167 3730 121
1188 3682 1257 3743 optim

787 3754 911 3801 hereditas
919 3768 935 3799 a
942 3751 1062 3813 patribus
1071 3752 1189 3799 traditur
1195 3746 1267 3795 iiim
