2575 4200
220 256 254 307 36
560 258 727 309 crcuno’s
753 260 927 310 Lucanus.
1146 258 1242 325 [run

187 450 204 499 9
222 424 378 505 copiosus
395 425 454 489 fui.
489 426 580 489 Ecce
597 427 681 489 aliae
698 427 837 491 deliciae
855 428 1006 509 equitum
1024 426 1079 491 vix
1094 429 1243 491 ferendae!

221 553 304 615 quas
321 551 384 615 ego
401 553 469 596 non
487 534 595 597 solum
613 535 685 611 tuli,
705 535 882 598 sedetiam
900 536 1026 599 ornavi.
1076 537 1192 600 Asiam
1206 537 1245 618 qui
1276 592 1278 596 ,

221 642 263 705 de
289 642 484 705 censoribus
511 644 749 720 conduxerant,
776 644 888 726 questi
917 654 995 707 sunt
1024 644 1058 707 in
1085 656 1201 708 senatu
1222 664 1246 706 se

223 749 406 831 cupiditate
422 750 594 832 prolapsos
618 751 758 814 nimium
776 772 897 834 magno
918 753 1135 831 conduxisse3
1159 764 1194 817 ut
1215 753 1247 813 in·
1276 779 1278 813 ;

221 858 399 921 duceretur
421 858 542 923 locatio
567 859 832 940 postulaverunt.
884 861 958 941 Ego
983 861 1140 942 princeps
1163 862 1195 923 in
1210 862 1247 922 ad·
1276 895 1277 898 =

222 966 395 1041 iutoribus,
414 976 515 1048 atque
540 967 622 1029 adeo
648 968 842 1044 secundus;
868 988 945 1031 narn
970 977 1007 1030 ut
1033 968 1082 1030 illi
1106 970 1248 1032 auderent
1276 1021 1278 1030 .

182 1134 187 1144 ,
222 1074 284 1136 hoc
301 1073 470 1155 postulare
488 1073 630 1137 Crassus
649 1094 706 1138 eos
731 1075 872 1157 impulit.
924 1075 1096 1139 Invidiosa
1120 1097 1180 1153 res,
1198 1086 1249 1138 tur-

220 1180 272 1263 pis
289 1181 470 1263 postulatio
488 1192 521 1245 et
539 1183 709 1246 confessio
733 1184 942 1247 temeritatis.
995 1184 1170 1248 Summum
1194 1194 1248 1246 erat

220 1290 406 1371 periculum
424 1309 476 1364 ne,
496 1290 524 1353 si
541 1290 624 1353 nihil
650 1291 899 1372 impetrassent,
918 1291 1017 1374 plane
1041 1292 1250 1355 alienarentur

220 1420 240 1460 a
260 1407 388 1462 senatu.
441 1398 531 1461 Huic
552 1418 686 1480 quoque
704 1399 751 1461 rei
776 1401 979 1463 subventum
1005 1410 1056 1463 est
1082 1402 1250 1463 maximea

221 1507 327 1581 nobis,
343 1506 598 1588 perfectumque
616 1515 652 1569 ut
669 1507 945 1589 frequentissimo
963 1517 1083 1571 senatu
1101 1519 1135 1571 et
1151 1509 1250 1571 libera-
1275 1564 1276 1571 ,

221 1614 347 1677 lissimo
365 1624 550 1690 uterentur,
569 1615 742 1697 multaque
759 1637 778 1678 a
795 1636 848 1679 me
864 1618 918 1679 de.
929 1617 1084 1679 ordinum
1102 1618 1251 1699 dignitate

221 1731 255 1785 et
284 1724 462 1786 concordia
485 1724 576 1787 dicta
604 1734 682 1786 sunt
717 1724 792 1787 Kal.
824 1726 1001 1788 Decembr.
1033 1734 1067 1787 et
1094 1724 1249 1806 postridie.

223 1831 342 1912 Neque
371 1832 479 1894 adhuc
508 1852 560 1894 res
590 1832 746 1895 confecta
774 1842 835 1907 est,
862 1834 921 1895 sed
945 1833 1101 1896 voluntas
1128 1841 1251 1895 senatus

221 1948 405 2019 perspecta.
455 1939 552 2002 Vnus
570 1940 660 2002 enim
678 1950 796 2004 contra
812 1942 940 2004 dixerat
966 1941 1124 2004 Metellus
1149 1938 1252 2004 consul

221 2037 426 2128 designatus,
457 2068 610 2130 unusque
639 2058 710 2111 erat
740 2049 901 2126 dicturus
928 2050 968 2112 ad
997 2070 1097 2132 quem
1129 2059 1252 2131 propter

221 2155 287 2226 diei
312 2155 511 2218 brevitatem
540 2167 740 2238 perventum
765 2179 832 2221 non
858 2167 919 2233 est,
946 2158 1047 2221 heros
1071 2158 1126 2220 ille
1151 2167 1253 2220 noster

174 2296 203 2331 ιο
222 2263 316 2327 Cato.
367 2264 422 2327 Sic
442 2284 504 2346 ego
530 2285 734 2329 conservans
761 2267 924 2329 rationem
950 2266 1252 2348 institutionemque

221 2381 369 2436 nostram
395 2381 500 2448 tueor,
527 2383 564 2436 ut
590 2394 738 2455 possum,
764 2374 853 2438 illam
878 2395 897 2437 a
921 2396 975 2438 me
999 2374 1253 2457 conglutinatam

254 2527 278 2575 9.
297 2527 364 2562 ecce
377 2513 450 2562 aliae
461 2514 536 2562 takes
548 2514 592 2562 the
604 2515 677 2577 place
690 2514 718 2562 of
768 2531 813 2564 sus
822 2531 874 2564 was
883 2515 1010 2580 probably
1018 2511 1254 2579 heavilyinterested

221 2595 237 2627 a
246 2581 396 2628 correlative
406 2589 433 2628 to
440 2583 568 2642 primum,
578 2581 716 2629 8.—aliae
767 2583 793 2629 in
808 2597 824 2630 a
841 2582 979 2646 pecuniary
991 2597 1047 2647 way
1057 2583 1084 2629 in
1102 2582 1147 2630 the
1163 2589 1253 2630 matter.

221 2648 716 2710 deliciae,anotherclrarmingscheme.
770 2650 885 2711 Perhaps
902 2649 935 2696 he
953 2650 1009 2696 also
1024 2648 1122 2696 wished
1141 2657 1168 2697 to
1182 2647 1253 2696 widen

221 2715 373 2762 —Asiamz
388 2715 431 2762 the
440 2715 563 2777 privilege
576 2714 604 2762 of
616 2715 718 2762 collect·
768 2715 813 2763 the
825 2715 919 2763 breach
932 2714 1047 2763 between
1058 2717 1102 2764 the
1114 2723 1205 2763 senate
1213 2711 1254 2762 and

220 2781 265 2842 ing
278 2781 322 2828 the
335 2789 408 2830 taxes
420 2782 445 2829 in
460 2781 504 2829 the
521 2781 659 2843 provinces
675 2781 718 2829 for
768 2782 813 2830 the
825 2782 931 2843 knights
944 2782 970 2829 in
982 2776 1060 2830 order
1072 2789 1099 2829 to
1111 2782 1212 2829 further
1222 2780 1254 2827 his

221 2847 335 2909 aperiod
348 2848 376 2895 ot
388 2847 438 2896 five
450 2863 524 2914 years
533 2862 585 2896 was
595 2847 717 2910 assigned
768 2863 825 2896 own
844 2849 958 2911 political
982 2848 1254 2911 plane—summum
1276 2881 1278 2895 ;

222 2921 249 2961 to
262 2914 306 2962 the
319 2914 422 2977 highest
435 2914 539 2962 bidders
557 2914 591 2978 by
603 2915 648 2962 the
661 2930 717 2962 cen·
769 2952 775 2963 .
791 2950 797 2961 .
812 2950 818 2962 .
832 2915 1001 2977 periculum:
1015 2931 1059 2963 see
1069 2916 1132 2962 Crit.
1145 2912 1254 2977 Append.
1276 2932 1278 2971 y

221 2996 278 3028 sors
304 2981 346 3043 (cf.
372 2981 548 3044 Marquardt's
577 2983 717 3029 Staatmr-
766 2981 1046 3044 -lrequentissimo
1067 2989 1182 3030 senatu:
1205 2988 1255 3027 ata
1276 2978 1278 3073 5

221 3048 337 3110 walmng
351 3047 400 3095 ΙΙ.2
413 3047 459 3106 248
472 3047 520 3110 ft).
556 3048 645 3096 Those
658 3047 716 3095 who
759 3050 887 3112 frequens
897 3055 1000 3094 senatus
1011 3047 1163 3096 mentioned
1175 3048 1200 3095 in
1213 3048 1254 3093 Art.
1276 3075 1278 3080 ·

220 3113 273 3161 had
296 3114 446 3162 contracted
468 3115 511 3162 for
531 3114 576 3162 the
597 3122 670 3162 taxes
689 3114 716 3162 in
770 3128 790 3161 1.
808 3128 846 3174 14.
863 3129 875 3178 5
895 3115 967 3162 there
985 3130 1051 3163 were
1069 3127 1118 3179 415
1137 3114 1256 3163 members
1276 3082 1278 3181 l

221 3181 291 3236 Asia,
302 3179 400 3242 finding
408 3181 466 3235 that
479 3181 540 3245 they
552 3181 604 3228 had
616 3181 716 3229 offered
766 3190 878 3243 present,
896 3180 970 3229 while
988 3196 1004 3228 a
1019 3182 1148 3245 frequens
1165 3187 1256 3229 senatm
1276 3184 1278 3225 i

220 3253 266 3294 too
292 3248 376 3304 much,
397 3245 544 3295 demanded
568 3249 625 3296 that
650 3248 716 3296 their
765 3248 791 3295 in
817 3249 861 3295 the
884 3247 1030 3296 December
1047 3247 1155 3313 holiday
1172 3261 1256 3297 season
1276 3240 1278 3258 '

220 3321 350 3362 contracts
368 3313 464 3361 should
478 3313 510 3361 be
528 3314 659 3362 cancelled
674 3315 716 3376 (ut
766 3314 905 3362 contained
924 3328 972 3362 200
989 3313 1119 3363 members
1133 3315 1177 3378 (cf.
1189 3315 1216 3374 Q.
1222 3314 1256 3377 jr.
1276 3311 1278 3357 i

220 3380 403 3429 induceretur
438 3380 563 3442 locatio).
579 3408 612 3414 —
628 3389 714 3443 atque
767 3395 789 3428 2.
805 3395 824 3427 r.
841 3394 861 3437 r,
879 3380 931 3428 and
945 3381 1071 3437 Willems‚
1084 3382 1121 3428 Le
1139 3382 1218 3429 Slnat
1233 3379 1257 3426 de
1276 3388 1278 3423 ε

220 3448 308 3494 adeo:
330 3454 357 3494 to
373 3445 509 3494 introduce
527 3462 543 3494 a
560 3448 714 3505 correction;
765 3449 792 3494 la
810 3448 914 3508 Re'publ.
932 3448 1006 3494 Rom.
1028 3446 1065 3494 11.
1087 3447 1220 3511 165-170).
1231 3472 1256 3480 —
1276 3442 1278 3489 ἶ

220 3513 369 3576 equivalent
381 3521 409 3561 to
422 3514 463 3559 vel
473 3515 567 3575 potius.
605 3513 645 3560 Cf.
660 3514 714 3561 Cic.
767 3514 916 3562 Metellus:
935 3516 973 3561 i.e.
986 3513 1020 3574 Q.
1034 3515 1160 3562 Metellus
1176 3514 1256 3567 Celev;
1276 3536 1278 3563 ς

219 3582 247 3626 in
263 3579 439 3628 Caec.68and
458 3579 587 3627 Dziatzko
603 3595 636 3627 on
656 3581 714 3628 Ter.
766 3580 798 3627 ci.
820 3583 872 3628 Att.
897 3594 919 3626 2.
940 3594 961 3626 1.
979 3595 1009 3639 43
1028 3588 1081 3641 pro
1102 3582 1169 3628 Cael.
1189 3570 1278 3644 59.-Ι

219 3647 324 3694 Phorm.
337 3645 393 3710 389.
403 3674 436 3682 -
448 3647 603 3695 secundus:
623 3647 715 3694 Cicero
765 3649 852 3695 heros
865 3646 929 3695 ille:
949 3646 1062 3694 because
1074 3647 1220 3709 regardless
1235 3641 1257 3690 ol

219 3712 449 3761 wastheirsecond
458 3712 595 3775 champion
605 3713 630 3760 in
640 3713 716 3775 point
766 3714 810 3761 the
834 3713 948 3776 political
972 3728 1177 3775 consequences.
1223 3710 1255 3758 cf.

219 3778 249 3828 of
262 3779 323 3828 time
336 3778 387 3829 and
399 3779 428 3828 of
442 3780 615 3845 prominence.
641 3780 716 3828 Cras·
765 3788 828 3828 note
846 3787 873 3828 to
891 3782 919 3829 ob
937 3782 1115 3838 iudicandum,
1128 3780 1220 3829 above.
