2575 4200
33 256 108 305 Fam.
122 269 147 319 9.
160 255 199 320 a]
383 254 551 303 crcuno’s
575 217 749 303 narrans,
1040 258 1090 308 239

34 422 247 487 intellexisse
264 423 344 487 mihi
360 423 516 498 videbar;
541 421 624 484 mihi
648 423 776 505 sumpsi
795 422 954 488 Philonis.
1005 426 1090 489 Puto

31 532 106 596 iore
131 541 180 607 ut,
200 553 276 596 cum
300 531 431 615 legeris,
451 531 571 593 mirere
598 551 660 594 nos
687 531 719 593 id
744 531 875 595 locutos
901 552 976 596 esse
1000 534 1090 598 inter

32 662 95 704 nos
124 641 216 723 quod
241 661 423 723 numquam
456 639 560 703 locuti
585 660 722 716 sumus3
755 640 814 703 sed
847 641 938 704 nosti
963 662 1089 706 morem

31 749 256 831 dialogorum.
308 749 451 812 Posthac
475 757 597 824 autem,
617 748 663 811 mi
679 748 797 824 Varr0,
816 769 916 831 quam
936 749 1086 831 plurima,
1108 775 1123 809 2

32 858 61 920 si
88 857 236 933 videtur,
264 858 365 920 etde
391 856 489 920 nobis
515 857 604 920 inter
630 877 701 932 nos,
729 877 803 921 sero
821 857 991 935 'fortasse;
1029 860 1089 922 sed

31 966 250 1049 superiorum
274 975 463 1047 temporum
487 965 625 1029 fortuna
641 965 690 1029 rei
706 986 738 1047 p.
758 986 892 1028 causam
910 967 1087 1043 sustineat,

30 1075 120 1138 haec
149 1075 212 1156 ipsi
237 1083 406 1157 praestare
430 1074 603 1138 debemus.
655 1073 773 1156 Atque
805 1074 933 1138 utinam
965 1075 1089 1157 quietis

30 1183 250 1265 temporibus
267 1191 368 1265 atque
388 1182 509 1264 aliqu0,
528 1182 556 1244 si
582 1202 650 1245 non
675 1182 773 1256 bonu,
792 1191 825 1245 at
851 1182 970 1245 saltem
995 1193 1088 1247 certo
1165 1223 1166 1227 =

31 1302 133 1355 statu
146 1291 292 1354 civitatis
310 1291 392 1355 haec
408 1291 498 1353 inter
514 1310 575 1353 nos
594 1291 706 1354 studia
722 1311 879 1355 exercere
895 1292 1088 1373 possemus!

32 1402 252 1483 Quamquam
279 1408 352 1463 tum
379 1399 513 1481 quidem
538 1398 591 1461 vel
623 1398 707 1462 aliae
732 1399 908 1481 quaepiam
941 1400 1088 1463 rationes

30 1511 201 1571 honestas
234 1507 330 1571 nobis
363 1516 398 1569 et
431 1528 527 1570 curas
560 1516 593 1570 et
630 1507 781 1571 actiones
817 1508 958 1583 darent;
998 1528 1088 1571 nunc

31 1626 154 1679 autem
172 1616 250 1698 quid
268 1616 410 1679 estsine
434 1616 487 1678 his
513 1637 572 1680 cur
587 1616 700 1679 vivere
716 1616 881 1679 velimus?
909 1616 992 1679 Mihi
1009 1636 1087 1679 vero

31 1746 115 1788 cum
141 1724 196 1787 his
221 1724 301 1807 ipsis
317 1725 381 1800 vix,
400 1723 452 1787 his
477 1732 591 1787 autem
615 1724 777 1788 detractis
801 1744 844 1786 ne
863 1724 917 1785 vix
941 1724 1085 1807 quidem.

33 1833 107 1897 Sed
129 1834 215 1897 haec
240 1852 351 1896 coram
376 1841 410 1895 et
435 1832 578 1913 saepius,
629 1831 866 1914 Migrationem
892 1842 925 1894 et
951 1833 1087 1912 emptio·
1114 1854 1117 1859 ·

31 1962 115 2005 nem
132 1941 279 2006 feliciter
295 1940 429 2004 evenire
444 1940 530 2015 volo,
549 1949 711 2023 tuumque
736 1940 771 2004 in
788 1960 826 2003 ea
850 1940 1085 2033 reconsilium

31 2050 154 2133 probo.
205 2048 294 2114 Cura
310 2057 347 2113 ut
363 2047 484 2114 valeas

32 2252 197 2316 Peripatetic
213 2252 536 2315 reaching-Philonis:

32 2321 124 2375 Philo,
138 2319 182 2367 the
200 2319 268 2368 head
285 2319 315 2367 of
332 2319 376 2367 the
395 2319 535 2383 Academy‚

31 2387 89 2436 fled
113 2387 141 2434 in
163 2385 196 2434 88
220 2398 271 2434 ue.
289 2386 358 2434 from
381 2386 485 2434 Athens
508 2394 536 2434 to

31 2457 134 2509 Rome,
147 2452 231 2502 where
250 2453 342 2502 Cicero
359 2452 484 2502 attended
496 2453 537 2500 his

29 2522 163 2576 lectures;
181 2519 214 2568 cf.
232 2521 305 2568 Brut.
324 2519 374 2583 306
390 2536 447 2568 cum
461 2521 536 2581 priu-

29 2595 94 2650 ceps
110 2588 263 2635 Academiae
277 2587 354 2634 Philo
367 2621 373 2632 .
387 2623 392 2634 .
406 2623 412 2633 .
425 2588 534 2633 Romam

29 2655 153 2709 memoret,
166 2660 244 2700 totum
257 2655 281 2700 ei
291 2669 331 2700 me
342 2653 442 2701 tradidi
456 2654 535 2700 admi-

30 2721 118 2768 rabili
146 2721 255 2782 quodam
285 2721 322 2766 ad
346 2720 534 2781 philosophiam

29 2787 123 2835 studio
133 2788 278 2843 concitatus,
291 2788 319 2833 iu
337 2801 386 2848 quo
398 2787 443 2832 ltoc
460 2787 535 2833 etaiam

28 2853 214 2902 commorabar
241 2854 367 2909 attentius,
396 2853 466 2914 quod
491 2852 539 2899 etsi

28 2935 126 2968 rerum
145 2920 261 2980 ipsarum
274 2920 383 2967 varietas
399 2925 425 2966 et
439 2921 537 2981 magni-

24 2991 94 3035 tudo
106 3001 207 3031 rettumu
223 3001 262 3031 me
277 2986 437 3033 delectatione
449 2989 537 3034 tetine-

27 3053 83 3107 bat,
97 3057 185 3098 tamen
200 3051 297 3099 sublata
311 3052 363 3097 iam
380 3067 430 3098 esre
441 3052 470 3097 e'n
477 3058 536 3111 per-

25 3125 139 3181 petuum
153 3118 218 3164 ratio
229 3118 381 3165 iudiciorum
395 3117 534 3164 videbatur.

69 3199 93 3231 2.
113 3183 139 3232 si
148 3183 277 3232 videtur:
289 3183 322 3232 cf.
334 3186 359 3230 si
369 3184 416 3232 tibi
425 3184 533 3240 videtur,

29 3253 85 3313 Ep.
100 3250 211 3296 LXXV.
224 3264 239 3310 4
252 3266 319 3297 n.-—
328 3250 402 3298 inter
414 3264 483 3298 nos:
500 3267 533 3298 sc.

27 3319 178 3380 loquemur.
188 3317 411 3378 —superiorum
421 3324 534 3379 tempo-

29 3397 110 3441 rum,
135 3391 192 3431 etc:
223 3383 267 3431 the
296 3391 365 3432 state
388 3384 417 3430 of
444 3383 533 3445 public

28 3449 127 3498 affairs
143 3449 226 3511 might
242 3449 335 3515 justify
347 3451 413 3497 their
430 3450 535 3513 literary

28 3514 170 3580 inactivity
189 3516 215 3563 in
237 3516 281 3564 the
301 3525 369 3579 past,
390 3516 444 3573 but,
463 3517 534 3565 since

28 3583 98 3646 they
109 3581 196 3630 would
215 3582 282 3630 have
294 3598 329 3630 no
347 3583 422 3631 share
434 3583 461 3630 in
472 3583 535 3645 poli-

588 2260 653 2301 ture.
689 2252 806 2316 Literary
815 2253 886 2300 work
896 2252 983 2302 would
995 2253 1022 2301 in
1031 2253 1087 2304 fact

587 2318 621 2367 be
635 2318 703 2366 their
718 2320 779 2383 only
793 2318 901 2368 feasible
920 2315 1085 2385 occupatiori,

587 2385 640 2434 and
657 2385 749 2434 failure
768 2393 795 2433 to
813 2401 914 2448 engage
928 2385 954 2433 in
967 2386 987 2434 it
1000 2387 1085 2435 would
1149 2381 1152 2388 '

588 2452 621 2501 be
638 2467 655 2500 a
672 2451 824 2502 dereliction
842 2452 871 2499 of
891 2451 1085 2516 duty—haec

590 2518 632 2582 (sc.
657 2519 780 2581 tempora)
801 2555 806 2566 .
827 2554 831 2565 .
851 2554 856 2566 .
875 2519 1026 2578 debemus,
1043 2520 1086 2567 tlte

588 2586 771 2647 responsibility
781 2586 831 2648 for
847 2587 889 2633 tlte
906 2593 1012 2647 present
1035 2586 1083 2650 (lit.

586 2654 660 2700 times
676 2652 727 2700 like
746 2651 822 2713 these)
844 2660 906 2700 rests
923 2653 985 2700 toitlt
1004 2669 1042 2700 us.
1052 2682 1086 2689 —

587 2718 684 2780 aliquo
708 2753 715 2766 .
739 2751 746 2767 .
772 2753 780 2766 .
801 2726 880 2768 certo
893 2727 970 2768 statu
984 2719 1084 2769 civita-
1155 2741 1158 2746 ·

587 2785 640 2832 tis:
653 2801 669 2832 a
678 2793 848 2846 government
857 2785 1003 2834 conducted
1013 2802 1084 2848 upon

586 2850 1084 2916 somefixedconstitutionalprinciples
1121 2855 1123 2858 ’

587 2918 1084 2969 atleast.-vel=etiam.·-darent:

587 2984 712 3047 apodosis
726 2992 753 3032 to
767 2985 811 3032 the
823 2985 957 3034 condition
970 2986 997 3033 in
1010 2995 1083 3036 tum.

585 3064 695 3099 -cum
719 3051 765 3099 his
789 3052 862 3114 ipsis
887 3053 999 3115 (studiis)
1025 3053 1083 3100 vix:

585 3134 617 3164 sc.
634 3124 671 3164 est
686 3135 734 3166 cur
745 3121 831 3166 uivere
842 3120 926 3166 velim.
934 3148 968 3154 —
976 3119 1083 3182 migra-

586 3184 713 3233 tionem:
737 3201 768 3232 sc.
789 3181 884 3234 into’a
902 3185 985 3233 house
1006 3186 1084 3251 lately

585 3249 695 3313 bought.
708 3280 741 3287 -
753 3251 875 3300 feliciter
900 3253 1032 3300 evenire:
1067 3267 1083 3300 a

584 3315 697 3366 formula
709 3317 782 3367 often
800 3317 863 3366 used
880 3318 906 3365 in
920 3318 1028 3380 wishing
1039 3317 1083 3366 for

584 3383 629 3431 the
641 3384 729 3448 happy
737 3393 858 3433 outcome
868 3383 897 3431 oi
908 3400 924 3432 a
936 3400 992 3432 new
1001 3392 1083 3432 enter-

585 3451 668 3512 prise;
698 3451 730 3498 cf.
755 3452 809 3499 Cic.
823 3458 875 3512 pro
892 3452 964 3498 Mur.
986 3465 1007 3508 1,
1031 3451 1082 3499 and

587 3517 670 3565 Plaut.
694 3518 720 3564 T
715 3519 766 3564 riu.
779 3532 812 3577 40
829 3533 903 3575 uxor,
916 3533 1038 3566 venerare
1055 3526 1085 3566 ut

586 3584 657 3631 nobis
679 3585 739 3631 haec
761 3584 882 3632 habitatio
904 3585 967 3632 bona
988 3585 1082 3649 fausta

28 3649 85 3698 tics
100 3648 128 3695 in
142 3648 187 3698 the
200 3648 296 3709 future,
310 3649 372 3714 they
383 3648 470 3698 would
488 3657 535 3697 not
579 3651 652 3711 felix
655 3650 842 3714 fortunataque
850 3657 945 3699 evenat.
963 3651 1014 3700 See
1025 3650 1082 3700 also

27 3714 68 3766 be
79 3714 145 3778 kept
155 3715 225 3763 from
238 3715 283 3764 the
294 3716 396 3777 pursuit
408 3715 438 3763 of
452 3716 535 3764 litera-

588 3716 635 3778 Ep.
650 3715 707 3763 XC.
721 3729 734 3776 7
749 3731 773 3764 n.
