2575 4200
187 237 235 288 108
524 241 692 290 CICERO’S
718 239 892 290 LETTERS.
1053 240 1116 304 [Ep.
1132 240 1235 287 XXIX

185 406 350 487 proficisci
379 426 518 470 necesse
546 416 646 482 esset,
677 407 711 469 in
740 407 853 470 multis
883 418 916 470 et
945 407 1043 470 variis
1068 407 1242 469 molestiis

187 518 512 600 cogitationibusque
529 519 612 581 meis
630 520 713 582 haec
730 540 797 581 una
814 519 999 582 consolatio
1024 519 1240 591 occurrebat,

186 627 274 708 quod
307 647 416 708 neque
452 627 514 699 tibi
546 627 682 690 amicior
718 648 817 710 quarn
854 647 917 709 ego
950 648 1024 690 sum
1056 627 1241 709 quisquam

186 744 300 816 posset
326 736 515 809 succedere,
538 756 647 817 neque
673 756 735 817 ego
764 737 805 798 ab
831 735 897 798 ullo
921 735 1127 816 provinciam
1156 735 1242 797 acci-

187 863 266 924 pere
289 843 346 924 qui
368 843 480 906 mallet
506 862 578 905 eam
602 865 699 926 quam
727 844 868 906 maxime
892 843 974 905 mihi
998 853 1110 925 aptam
1137 843 1242 924 expli·

187 960 364 1034 catamque
380 952 521 1014 tradere.
573 951 673 1032 Quod
690 951 718 1013 si
736 962 773 1013 tu
791 972 924 1034 quoque
944 951 1084 1014 eandem
1102 951 1147 1013 de
1165 971 1242 1012 mea

186 1058 359 1122 voluntate
377 1079 456 1142 erga
472 1068 507 1121 te
523 1079 616 1139 spem
635 1059 749 1134 habes,
768 1079 807 1121 ea
823 1069 858 1122 te
877 1059 1027 1141 profecto
1052 1079 1241 1140 numquam

186 1167 288 1230 fallet.
328 1168 377 1229 At
394 1177 429 1230 te
446 1167 589 1229 maximo
607 1187 708 1248 opere
725 1187 784 1249 pro
802 1177 917 1230 nostra
934 1187 1063 1230 summa
1079 1167 1241 1230 coniunc-

186 1276 279 1339 tione
303 1285 427 1358 tuaque
456 1275 616 1357 singulari
643 1275 853 1338 humanitate
877 1275 977 1338 etiarn
1006 1285 1107 1357 atque
1133 1275 1239 1336 etiam
1283 1332 1284 1367 ἦ

187 1403 310 1465 quaeso
328 1394 361 1446 et
378 1393 456 1465 peto
474 1393 520 1459 ut,
539 1383 805 1466 quibuscumque
822 1384 922 1446 rebus
946 1383 1072 1464 poteris
1086 1422 1133 1429 -—
1146 1393 1242 1464 pote·
1283 1406 1284 1463 y

188 1491 231 1554 ris
248 1502 361 1554 autem
379 1492 538 1572 plurimis,
552 1492 790 1573 —prospicias
812 1501 845 1555 et
869 1492 1023 1554 consulas
1048 1491 1240 1553 rationibus

156 1601 282 1662 zmeis.
346 1600 450 1662 Vides
483 1620 523 1662 ex
556 1609 695 1662 senatus
729 1600 883 1663 consulto
919 1599 1125 1681 provinciam
1161 1619 1240 1661 esse

188 1708 385 1771 habendam.
436 1708 473 1771 Si
498 1728 581 1782 earn,
608 1709 697 1790 quod
714 1709 786 1771 cius
811 1709 923 1771 iacere
948 1708 1108 1789 potueris,
1136 1728 1239 1789 quam

189 1815 473 1897 expeditissimam
491 1817 572 1878 mihi
592 1817 779 1890 tradideris,
799 1817 929 1880 facilior
953 1816 1016 1879 erit
1041 1816 1123 1877 mihi
1142 1815 1240 1897 quasi
1283 1844 1284 1905 q

188 1925 349 1988 decursus
374 1925 439 1986 mei
468 1925 639 2006 temporis.
703 1924 793 2006 Quid
820 1925 854 1987 in
883 1945 923 1987 eo
951 1944 1076 2007 genere
1103 1923 1240 1986 efficere
1283 1926 1284 1995 l

188 2032 307 2114 possis,
326 2033 377 2094 tui
396 2032 514 2096 consili
535 2042 602 2109 est;
627 2053 690 2115 ego
710 2042 745 2095 te
768 2034 856 2115 quod
881 2033 943 2095 tibi
959 2033 1072 2095 veniet
1094 2032 1127 2093 in
1147 2052 1240 2094 men·
1283 2008 1284 2063 l

170 2138 258 2205 'tem
278 2162 352 2204 mea
375 2142 540 2205 interesse
562 2141 658 2204 valde
683 2162 775 2223 rogo,
826 2142 979 2205 Pluribus
997 2141 1108 2204 verbis
1134 2142 1177 2204 ad
1206 2151 1241 2201 te

190 2248 380 2325 scriberem,
403 2250 430 2312 si
455 2259 511 2312 aut
536 2259 596 2312 tua
619 2249 813 2312 humanitas
838 2249 1023 2331 longiorem
1049 2248 1240 2312 orationem

189 2366 399 2438 exspectaret
413 2368 470 2419 aut
484 2357 517 2419 id
534 2357 604 2419 fieri
622 2366 738 2419 nostra
754 2357 901 2421 amicitia
918 2366 1089 2437 pateretur
1104 2365 1162 2419 aut
1184 2377 1240 2419 res

188 2466 290 2528 verba
307 2466 510 2528 desideraret
528 2485 565 2529 ac
583 2486 651 2527 non
668 2486 727 2547 pro
748 2486 785 2529 se
809 2466 881 2546 ipsa
905 2465 1105 2546 loqueretur.
1158 2464 1241 2526 Hoc

189 2614 307 2664 declined
328 2630 344 2663 a
363 2616 484 2680 province
508 2616 573 2664 both
594 2622 621 2663 at
640 2616 685 2665 the
736 2616 853 2666 classical
869 2631 946 2679 prose
958 2632 1049 2678 quaeso
1060 2614 1082 2663 is
1101 2613 1166 2662 used
1182 2630 1241 2677 par·

189 2682 259 2731 close
272 2682 300 2730 of
312 2682 351 2731 his
363 2683 526 2746 praetorship
539 2682 591 2730 and
603 2683 632 2730 of
644 2683 684 2731 his
736 2683 903 2747 enthetically
915 2682 998 2731 either
1012 2682 1090 2729 alone
1102 2696 1133 2728 or
1144 2681 1241 2728 witha
1283 2715 1284 2726 .

189 2749 347 2811 consulship.
395 2750 451 2797 The
475 2749 560 2797 words
584 2757 684 2799 contra
735 2750 818 2811 single
841 2749 911 2797 word
931 2749 974 2796 for
994 2764 1026 2796 an
1050 2747 1147 2811 object,
1165 2763 1241 2809 espe·
1283 2787 1284 2810 ,

189 2816 367 2865 voluntatem
392 2815 503 2863 indicate
525 2816 581 2863 that
600 2816 625 2863 in
644 2815 685 2864 de·
736 2816 878 2880 ciallydeos
895 2831 925 2863 or
942 2830 959 2862 a
973 2815 1095 2877 personal
1113 2828 1239 2876 pronoun

189 2882 285 2944 clining
302 2881 457 2929 Macedonia
472 2883 497 2929 in
515 2881 590 2930 favor
606 2882 635 2929 of
654 2883 684 2930 C.
738 2883 781 2945 (cl.
796 2883 868 2931 Phil.
886 2896 908 2943 7.
924 2880 1156 2944 8).—consulas‚
1170 2889 1239 2928 etc:
1283 2877 1284 2938 l

191 2949 321 2997 Antonius
328 2948 354 2996 in
363 2948 394 3011 63
403 2960 452 2995 uc.
461 2948 494 2996 he
502 2947 546 2995 did
555 2956 602 2996 not
612 2949 686 2996 show
735 2948 841 2996 instead
853 2949 882 2996 of
899 2948 1048 3012 complying
1059 2947 1122 2994 with
1134 2946 1189 2993 this
1203 2962 1240 2993 re·
1283 2951 1284 3010 l

189 3030 219 3062 so
249 3015 326 3062 much
352 3014 567 3077 sels-abnegation
594 3030 622 3063 as
652 3016 684 3062 hc
736 3022 821 3079 quest,
830 3016 932 3077 Appius
941 3013 1071 3077 proposed
1085 3013 1237 3060 adccrease

190 3081 277 3129 would
293 3081 353 3129 lead
365 3097 396 3129 us
408 3082 546 3129 elsewhere
565 3088 592 3128 to
610 3081 684 3129 infer.
702 3082 704 3086 ’
736 3082 762 3129 in
775 3082 819 3129 the
836 3088 927 3145 scanty
939 3081 1051 3145 military
1061 3079 1133 3127 force
1149 3079 1177 3126 in
1191 3079 1238 3126 the

191 3148 231 3196 Cf.
247 3149 295 3210 Ep.
309 3148 437 3196 XXXIV.
454 3161 483 3211 13
500 3150 524 3194 si
540 3149 684 3211 quisquam,
736 3148 858 3210 province
879 3148 922 3211 (cf.
946 3149 1018 3195 Fam.
1039 3161 1061 3209 3.
1082 3160 1105 3209 3.
1126 3145 1160 3206 2),
1180 3145 1235 3193 and
1283 3175 1284 3202 ,

190 3222 238 3263 etc.
260 3215 309 3263 His
321 3215 481 3276 assignment
495 3222 522 3262 to
535 3215 686 3276 aprovince
736 3214 838 3262 treated
851 3214 943 3262 Cicero
955 3213 1016 3261 with
1029 3212 1138 3260 marked
1156 3211 1239 3259 disre
1283 3223 1284 3278 J

189 3281 215 3329 in
228 3280 280 3329 this
292 3296 352 3343 case
364 3297 416 3329 was
429 3296 479 3329 one
492 3282 519 3329 of
535 3282 578 3328 the
591 3281 685 3329 results
737 3289 809 3342 spect
819 3281 862 3343 (cf.
871 3282 943 3327 Fam.
957 3294 979 3343 3.
988 3279 1011 3328 8.
1019 3280 1064 3341 oy:
1080 3279 1136 3326 The
1142 3279 1237 3325 letters
1283 3293 1284 3346 ]

189 3347 219 3395 of
235 3363 251 3395 a
268 3347 317 3395 law
332 3347 427 3409 passed
445 3348 532 3395 rather
549 3356 686 3409 unexpect-
736 3347 765 3393 of
778 3348 821 3393 the
834 3354 886 3394 two
898 3362 957 3393 men
971 3361 1014 3393 are
1026 3346 1074 3393 full
1087 3346 1116 3393 of
1129 3346 1236 3392 mutual

189 3412 258 3477 edly3
282 3414 314 3462 cf.
334 3415 396 3462 Intr.
415 3414 632 3462 22.-amicior:
652 3413 684 3461 cf.
736 3414 944 3461 recriminations
961 3412 1012 3460 and
1031 3412 1236 3474 explanations;

189 3482 313 3541 Appium,
324 3480 372 3543 Ep.
383 3480 460 3527 VIII.
472 3495 485 3527 2
496 3494 684 3528 n.—summa
736 3480 769 3526 cf.
782 3481 854 3527 Fam.
868 3494 891 3542 3.
905 3493 926 3540 7.
941 3496 970 3535 2;
990 3492 1011 3541 3.
1025 3494 1048 3542 9.
1063 3492 1090 3536 1;
1109 3492 1132 3541 3.
1148 3491 1189 3524 11.
1205 3491 1225 3541 5.

189 3547 408 3596 coniunctione:
425 3546 489 3594 both
503 3562 568 3594 were
581 3562 683 3607 augurs.
770 3560 791 3592 2.
811 3547 891 3594 eius:
911 3554 1009 3601 neuter,
1023 3544 1145 3608 partitive
1164 3545 1235 3606 geni·
1283 3549 1284 3634 y

190 3613 239 3660 See
248 3614 303 3661 also
311 3615 418 3661 amicior
427 3612 683 3674 above—quaeso:
735 3612 802 3670 tive;
822 3612 855 3659 cf.
870 3614 943 3660 bam.
959 3624 978 3675 5.
991 3611 1014 3658 8.
1029 3624 1053 3675 5;
1070 3613 1123 3658 Att.
1142 3624 1181 3657 11.
1199 3624 1234 3657 12.
1283 3637 1284 3676 q

189 3678 250 3726 here
267 3679 338 3740 (with
358 3679 436 3742 peto)
455 3679 576 3727 followed
599 3680 632 3742 by
651 3694 683 3725 an
735 3676 1231 3737 4.-si...inte11exero:etsi...
1283 3693 1284 3746 y

190 3742 277 3807 object
296 3746 390 3800 clause,
403 3760 463 3793 —a
485 3760 540 3793 rare
561 3761 613 3793 use.
651 3746 682 3791 In
734 3745 827 3800 videro,
842 3746 889 3808 Ep.
903 3746 980 3792 Vlll.
996 3759 1046 3807 5n.
