2575 4200
45 228 92 274 Art.
105 241 126 286 4.
141 225 173 291 1.]
381 222 548 273 CICERO'S
575 224 748 273 LETTERS.
1052 226 1085 275 59

45 394 117 456 tello
149 392 282 475 scripsit
317 393 357 455 ad
390 412 444 454 me
476 391 582 454 frater
613 400 776 473 quantum
811 400 979 473 sperasset
1012 413 1083 474 pro

46 502 164 565 fectum
181 521 257 564 esse
274 521 334 582 per
350 511 394 563 te.
447 500 496 561 Mi
522 500 693 580 Pomponi,
712 520 825 582 pugna
850 509 886 561 ut
910 509 1023 563 tecum
1049 509 1082 563 et
1103 525 1117 573 3

47 631 114 672 curn
138 610 222 672 meis
248 608 326 670 mihi
352 608 451 671 liceat
477 608 597 683 vivere,
625 618 658 670 et
684 607 793 669 scribe
817 608 859 669 ad
883 628 937 671 me
961 608 1082 673 omnia.

49 720 173 781 Premor
189 718 293 793 luctu,
313 716 478 779 desiderio
496 716 645 778 omniurn
664 734 824 791 meorum,
842 716 899 798 qui
923 717 1006 779 mihi
1030 737 1084 780 me

49 828 180 889 cariores
199 845 332 909 semper
348 802 494 887 fuerunt.
546 824 642 906 Cura,
663 834 699 887 ut
717 824 838 887 valeas.

90 936 158 1017 Ego
182 934 281 1016 quod,
304 953 363 1014 per
387 932 597 995 Thessaliam
623 932 652 995 si
677 931 759 995 irem
785 932 819 994 in
844 912 993 1014 Epirum,
1013 954 1117 1016 per-4

49 1044 98 1104 diu
121 1042 201 1104 nihil
224 1060 314 1104 eram
332 1040 506 1104 auditurus
529 1050 561 1119 et
580 1041 668 1123 quod
686 1040 759 1103 mei
784 1041 952 1104 studiosos
977 1042 1084 1106 habeo

51 1150 277 1234 Dyrrachinos
296 1151 336 1213 ad
354 1170 412 1213 eos
429 1149 568 1231 perrexi,
588 1170 664 1213 cum
682 1149 737 1218 illa
754 1151 925 1231 superiora
941 1150 1084 1213 Thessa-

50 1259 168 1322 lonicae
192 1259 413 1341 scripsissem.
469 1258 551 1321 lnde
576 1278 652 1321 cum
678 1257 718 1319 ad
742 1268 777 1320 te
803 1278 856 1320 me
881 1268 1082 1331 convertam,

52 1366 160 1429 faciam
184 1377 220 1430 ut
247 1368 343 1441 scias,
365 1377 470 1448 tuque
494 1366 535 1429 ad
561 1386 614 1428 me
631 1366 729 1428 velim
755 1366 866 1428 omnia
890 1386 988 1447 quam
1014 1366 1084 1429 dili·
1126 1448 1130 1455 1

54 1475 248 1555 gentissime,
276 1475 476 1539 cuicuimodi
509 1485 598 1547 sunt,
629 1473 765 1536 scribas.
828 1474 901 1554 Ego
934 1474 998 1536 iam
1027 1483 1083 1536 aut

55 1602 114 1645 rem
131 1593 184 1646 aut
207 1604 249 1646 ne
274 1602 368 1665 spem
386 1583 520 1665 quidem
546 1591 712 1663 exspecto.
764 1582 854 1643 Data
871 1600 905 1643 v1
924 1581 999 1644 Kal.
1020 1582 1085 1644 De-

55 1692 163 1755 cembr.
212 1676 387 1776 Dyrrachi.

413 1900 489 1963 XV.
521 1900 655 1985 (Ataia.
678 1900 719 1981 1.)

362 2054 512 2107 crcuno'
525 2056 665 2106 arrico
689 2056 764 2106 SAL.

98 2190 174 2254 Cum
197 2192 340 2274 primurn
369 2193 510 2255 Romam
534 2191 610 2255 veni
635 2191 766 2273 fuitque
791 2192 845 2254 cui
870 2202 961 2255 recte
985 2193 1027 2255 ad
1051 2201 1086 2254 te
1106 2223 1116 2258 1

60 2296 171 2362 litteras
187 2302 311 2375 darem,
331 2300 414 2362 nihil
431 2301 524 2381 prius
541 2301 733 2363 faciendum
751 2300 832 2361 mihi
855 2301 968 2380 putavi
986 2321 1084 2382 quam

63 2451 79 2500 5.
90 2453 108 2486 z.
119 2441 150 2504 7),
161 2441 228 2490 from
247 2441 354 2504 making
370 2441 415 2490 the
427 2449 538 2490 custom·
588 2440 673 2488 found
690 2441 717 2488 in
737 2441 925 2488 PlautBocch.
944 2455 1000 2500 400.
1037 2442 1086 2490 See

62 2519 96 2568 ary
105 2509 192 2570 speech
206 2517 234 2557 to
247 2508 291 2556 the
304 2509 405 2570 people.
435 2509 538 2556 Atticus
591 2507 685 2564 Krebs,
705 2509 901 2564 Antibarbarus,
924 2509 1006 2563 Neue,
1028 2509 1087 2555 For-

61 2570 102 2618 had
111 2574 291 2639 subsequently
304 2575 417 2638 brought
430 2574 510 2622 about
523 2590 539 2623 a
589 2575 725 2629 menlehrc,
744 2573 791 2621 ΙΙ.2
810 2574 873 2633 2463
894 2573 946 2622 and
966 2575 1086 2631 Wilkins,

62 2641 241 2689 reconciliation.
253 2640 294 2689 Cf.
303 2642 359 2690 also
365 2642 500 2704 Ep.XII.1
511 2657 536 2690 n.
590 2640 644 2688 Cic.
658 2642 687 2687 dc
701 2641 745 2688 Or.
761 2655 782 2704 3.
796 2655 836 2702 94.
845 2668 877 2675 —
888 2642 1040 2701 Dyrrachi:
1053 2641 1086 2690 cf.

87 2719 105 2768 3.
122 2709 158 2755 mi
176 2709 329 2771 Pomponi:
349 2707 381 2756 cf.
401 2709 447 2771 Ep.
466 2709 499 2756 X.
513 2723 538 2755 n.
595 2707 789 2763 Thessalonicae,
799 2708 845 2769 Ep.
860 2708 923 2754 xtl.
937 2721 986 2770 3n.

62 2774 174 2823 —scribe
184 2776 220 2823 ad
231 2788 278 2823 me
289 2775 397 2823 omnia:
410 2781 539 2838 arequest
624 2774 681 2820 XV.
703 2774 794 2829 Rome,
809 2774 889 2836 Sept,
904 2786 932 2838 57
947 2786 995 2821 ac.
1032 2775 1088 2822 Cic-

63 2843 84 2883 t0
93 2837 120 2888 be
130 2841 210 2889 found
222 2843 248 2889 in
262 2842 357 2890 almost
375 2857 451 2905 every
463 2841 539 2889 letter
590 2855 634 2888 ero
646 2839 742 2888 landed
758 2848 785 2887 at
804 2839 969 2888 Brundisium
983 2843 1049 2902 Aug.
1065 2854 1086 2905 5,

63 2903 84 2949 of
93 2906 136 2955 this
148 2907 244 2970 period.
280 2908 373 2956 Cicero
390 2916 451 2970 puts
466 2923 538 2956 more
592 2919 620 2970 57
647 2919 704 2964 lac,
723 2907 790 2955 after
813 2922 846 2954 an
869 2906 980 2955 absence
1004 2908 1032 2955 of
1057 2907 1087 2956 16

63 2971 284 3024 confidenceinthe
295 2975 385 3023 letters
395 2975 423 3023 of
435 2975 538 3022 Atticus
574 2973 696 3021 months
722 2974 801 3036 (Plut.
822 2975 870 3022 Cic.
892 2974 942 3036 33).
980 2974 1022 3022 He
1046 2991 1087 3023 en·

64 3035 112 3086 than
121 3040 145 3088 in
157 3042 231 3090 those
244 3040 273 3089 of
287 3040 327 3089 his
340 3041 446 3089 brother
459 3041 539 3100 Quin·
591 3039 661 3088 tered
677 3041 759 3088 Rome
774 3040 844 3102 Sept.
857 3055 880 3099 4,
894 3040 1023 3088 delivered
1042 3041 1086 3089 the

64 3109 103 3164 tus;
123 3106 153 3154 cf.
170 3110 222 3156 Att.
244 3123 267 3171 3.
296 3107 332 3156 18.
355 3121 368 3155 2
395 3107 424 3166 Q.
440 3109 537 3171 frater,
592 3108 682 3154 Oratio
693 3109 880 3168 postRedr'tum
897 3107 923 3154 in
940 3108 984 3155 the
997 3117 1087 3156 senate

64 3169 122 3219 homo
146 3177 233 3232 mirus,
257 3177 304 3238 qui
326 3191 365 3223 me
388 3182 440 3222 tom
465 3175 538 3222 valde
591 3173 662 3235 Sept.
689 3187 709 3236 5,
732 3172 783 3221 and
807 3172 914 3236 directly
937 3174 1086 3222 afterwards

64 3245 124 3295 amar,
135 3244 216 3288 omnia
231 3244 312 3290 mittit
327 3243 381 3302 spei
390 3242 478 3302 plena,
491 3256 538 3287 me·
588 3239 730 3288 addressed
743 3240 787 3288 the
799 3241 892 3302 people
906 3240 949 3303 (cf.
964 3253 976 3304 5
989 3239 1017 3287 of
1035 3241 1087 3288 this

65 3307 127 3361 tuens,
136 3309 374 3371 credadcssectionem
383 3308 535 3361 animimei,·
589 3305 687 3367 letter);
708 3306 778 3368 Sept.
793 3320 806 3366 7
821 3307 853 3353 he
865 3306 995 3369 proposed
1013 3321 1029 3353 a
1042 3307 1085 3354 bill

65 3373 108 3416 tuae
117 3380 191 3421 autem
205 3376 302 3421 litterae
314 3380 375 3421 srrnt
391 3375 485 3428 voratae,
499 3389 538 3420 ne·
589 3372 614 3418 in
634 3373 679 3420 the
697 3381 787 3420 senate
805 3375 909 3436 putting
928 3375 1043 3436 Pompey
1060 3375 1086 3421 in

66 3449 101 3493 que
119 3441 177 3486 enim
202 3457 241 3488 me
269 3441 399 3502 desperare
427 3442 467 3487 vis
496 3456 539 3486 nec
589 3439 684 3500 charge
705 3439 734 3486 of
756 3440 800 3487 the
825 3455 887 3488 corn
910 3439 1086 3495 commission,

65 3506 136 3550 temere
150 3513 255 3568 sperare.
589 3505 641 3552 and
655 3505 722 3553 after
734 3506 778 3553 the
794 3505 978 3569 adjoumment
996 3506 1024 3552 of
1042 3507 1087 3555 the

67 3629 71 3638 η
92 3581 109 3626 4.
124 3573 300 3622 cuicuimodi:
314 3588 330 3621 a
343 3589 403 3637 very
412 3588 467 3620 rare
479 3587 539 3634 gen·
589 3580 680 3620 senate
698 3571 842 3621 advocated
867 3572 911 3620 the
928 3572 973 3620 bill
996 3571 1086 3621 before

66 3631 114 3681 nive
123 3636 183 3686 form
194 3639 468 3687 forcuiuscur'usmodi.
495 3638 536 3686 Cf.
590 3639 633 3686 the
650 3640 743 3700 people
758 3639 803 3702 (6).
840 3639 864 3686 It
882 3639 988 3686 became
1005 3653 1021 3685 a
1038 3639 1088 3688 law

68 3697 111 3746 also
119 3703 180 3751 Fam.
190 3721 211 3764 4.
220 3718 242 3765 7.
252 3719 274 3764 4,
280 3713 331 3767 pro
340 3707 408 3754 Sext.
418 3708 487 3753 Rosc.
496 3716 536 3768 95,
590 3704 660 3766 Sept.
674 3705 688 3751 8
704 3706 748 3764 (7).

68 3764 248 3837 andVerr.n.5.
265 3787 317 3833 107.
354 3773 378 3821 It
390 3773 412 3820 is
424 3770 537 3836 perhaps
626 3785 645 3818 1.
676 3779 762 3829 recte,
793 3773 853 3818 with
885 3772 1017 3832 sasety.-—
1034 3773 1086 3822 tibi
