2575 4200
267 675 448 750 INDEX
485 677 560 751 TO
598 661 716 749 THE
756 677 954 751 NOTES.

419 985 477 1038 (The
485 987 589 1029 numbers
597 988 654 1028 refer
662 994 685 1029 to
694 986 778 1040 peges.)

47 1273 96 1321 ab:
114 1271 279 1335 introducing
290 1271 451 1329 limitatione,
464 1285 487 1334 3.

46 1355 152 1403 abste:
169 1355 332 1416 6,120,144.

47 1446 107 1486 acta
119 1437 226 1486 diurna:
247 1452 301 1502 113.

46 1521 119 1583 adj.:
137 1520 198 1568 with
214 1526 310 1584 proper
327 1537 426 1579 names,
444 1520 499 1579 180,
517 1534 573 1585 259,

83 1603 140 1652 260.
165 1604 214 1652 See
228 1604 285 1652 also
297 1605 435 1669 colloquial
441 1606 531 1653 words.

48 1687 126 1735 adu:
151 1686 179 1735 in
190 1687 242 1744 -im,
268 1701 333 1748 224,
351 1689 378 1736 in
390 1688 454 1746 -iter,
471 1687 519 1745 86;
537 1689 574 1736 in·

82 1770 190 1828 tensive,
217 1770 258 1831 67,
282 1784 335 1828 111,
358 1770 413 1830 167,
432 1771 488 1829 208,
517 1771 573 1837 258,

83 1852 146 1919 269,
168 1853 211 1901 for
228 1852 358 1916 predicate
375 1854 437 1918 adj,
460 1869 498 1916 17,
519 1868 573 1916 104,

85 1948 140 2000 175,
161 1949 216 1999 179,
236 1950 291 1996 244,
313 1936 369 1997 246,
397 1937 460 2002 256,
478 1938 521 1986 ior
538 1946 574 1986 at-

82 2019 205 2068 tributive
221 2019 282 2081 adj,
301 2032 356 2084 225,
370 2021 431 2080 264,
449 2021 511 2069 with
523 2036 574 2069 cer-

81 2104 137 2151 tain
149 2103 233 2160 verbs,
243 2103 284 2166 89,
299 2117 353 2165 177,
366 2118 419 2166 199.
456 2105 505 2153 See
517 2106 573 2153 also

83 2188 220 2250 colloquial
229 2188 320 2243 words,
328 2188 438 2249 phrases
449 2188 500 2236 and
518 2205 575 2251 syn·

82 2279 137 2319 tax.

49 2354 143 2418 aliquis
155 2354 217 2402 with
230 2354 378 2403 numerals:
395 2367 409 2416 7
413 2368 435 2420 3.

48 2438 221 2488 ailiteration:
243 2451 263 2495 1,
275 2437 317 2503 85,
330 2452 387 2500 227,
401 2452 457 2504 252.

48 2538 83 2570 an
95 2522 121 2569 in
134 2521 319 2584 interrogative
331 2537 459 2571 answers:
479 2535 532 2589 177,

48 2604 226 2668 aposiopesis:
246 2618 299 2666 177.
345 2655 347 2659 μ
404 2615 407 2623 ’

50 2688 139 2751 apud:
157 2704 201 2737 see
213 2690 349 2753 collothl
354 2690 472 2750 phrases.

49 2771 194 2819 archaisms
206 2789 211 2818 :
224 2771 257 2820 ab
269 2772 321 2820 and
330 2787 363 2819 ex
370 2773 429 2820 with
444 2788 535 2821 names
547 2773 576 2821 of

83 2854 190 2912 islands,
204 2868 260 2920 225,
279 2870 341 2919 255,
359 2855 407 2904 abs
425 2863 458 2912 te,
476 2856 500 2914 6,
521 2871 575 2914 120,

87 2951 150 2998 144;
168 2938 220 3002 adj.
239 2939 265 2985 in
285 2939 417 2997 ensimus,
438 2940 492 2996 128,
512 2952 575 3003 259,

66 3021 222 3079 comedim,
252 3036 315 3085 197,
343 3022 504 3080 cuicuimodi,
530 3036 575 3088 59;

84 3120 144 3168 gen.
159 3105 233 3167 plur,
246 3106 319 3153 short
339 3106 415 3163 form,
433 3106 495 3163 226;
513 3106 576 3155 iner-

38 3179 41 3184 ’
85 3203 152 3245 mus,
171 3187 233 3252 285,
258 3189 318 3245 isto,
343 3189 396 3250 167,
422 3203 482 3254 ¹9²³
508 3190 575 3248 navi,

86 3285 149 3335 255,
167 3286 214 3333 par
230 3272 291 3319 with
309 3272 368 3330 abl,
388 3272 449 3328 268;
469 3273 576 3335 perinde

86 3361 123 3411 ut,
138 3353 197 3413 208,
215 3370 262 3417 pro
280 3370 312 3402 eo
333 3371 371 3413 ac,
385 3370 449 3415 222,
467 3357 576 3419 proinde

85 3452 124 3495 ac,
138 3437 200 3501 269,
223 3438 268 3501 qui
287 3438 368 3502 (abi),
389 3452 443 3504 175,
462 3454 524 3504 223;
544 3441 576 3488 2d

86 3521 152 3584 sing.
162 3520 188 3568 in
200 3536 244 3578 -re,
255 3536 310 3586 231,
321 3536 368 3585 232
382 3540 388 3580 ;
401 3538 499 3586 reapse,
514 3522 576 3582 208,

86 3619 172 3661 rusus,
187 3603 247 3662 180,
260 3612 308 3662 sat,
322 3618 365 3664 241
378 3623 383 3664 ,
402 3606 425 3653 si
436 3606 503 3653 forte
516 3607 575 3653 with

86 3687 261 3749 subjunctive,
274 3700 339 3752 225,
358 3688 481 3735 omission
494 3688 523 3737 of
541 3696 576 3746 ut,

89 3769 143 3819 180.

625 1272 831 1322 asseverations:
852 1286 889 1334 14,
902 1285 942 1334 74,
955 1286 1009 1332 102,
1024 1285 1079 1335 172,
1094 1286 1122 1336 17
1127 1288 1149 1338 5,

660 1368 715 1413 210,
730 1368 785 1416 274,
800 1355 854 1404 286.

625 1439 786 1504 asyndeton:
807 1450 931 1504 115129,
950 1452 1004 1500 147,
1024 1453 1079 1504 252,
1094 1440 1150 1500 246,

660 1535 673 1568 2
677 1521 715 1586 58.

624 1605 730 1653 athletic
743 1611 875 1653 contests:
892 1605 932 1664 84.

625 1696 704 1752 atque
714 1688 781 1737 adeo
793 1706 799 1735 :
819 1687 858 1752 36.

624 1855 690 1904 boni
702 1854 842 1919 (technical
860 1856 976 1918 political
993 1856 1071 1920 term)
1086 1874 1092 1904 :
1109 1855 1149 1914 68,

662 1951 715 2001 197.
753 1939 802 1987 See
814 1941 931 2000 improbi.

625 2022 822 2085 bookmaking:
840 2035 881 2086 73.

626 2190 749 2238 calendar
756 2190 871 2253 changes
879 2190 905 2237 in
914 2190 947 2251 46
955 2203 1019 2240 13.c.:
1029 2204 1085 2254 207,
1094 2192 1150 2241 208.

626 2288 705 2321 cena:
727 2287 781 2336 192.

626 2363 726 2405 certum
738 2357 810 2405 scio:
831 2369 886 2421 179.

626 2439 752 2488 codicilli:
769 2438 810 2500 87.

626 2522 767 2586 colloquial
776 2522 873 2571 forms:
884 2524 998 2572 animum
1006 2525 1149 2582 advertere,

664 2605 726 2665 180,
739 2606 853 2663 confieri,
867 2620 928 2671 223;
948 2608 1111 2671 compounds
1123 2609 1151 2656 oi

660 2689 753 2746 facere,
769 2688 823 2750 '171,
838 2703 902 2754 223;
919 2691 1017 2739 licitum
1033 2700 1080 2749 est,
1093 2700 1150 2749 etc,

663 2788 702 2839 52,
717 2787 771 2833 224,
786 2787 850 2835 249,
864 2789 955 2832 meme,
968 2774 1028 2833 118;
1042 2776 1082 2831 mi,
1094 2789 1150 2832 210,

662 2871 717 2918 272.
754 2858 803 2905 See
816 2857 872 2905 also
882 2860 970 2916 erasti,
981 2860 1151 2920 syncopation,

660 2943 718 2989 adv.
732 2944 760 2988 in
771 2944 815 2988 -im
830 2940 882 2988 and
894 2943 957 2989 -iter.

626 3024 768 3087 colloquial
779 3024 827 3071 fut.
840 3024 918 3086 perh:
937 3024 977 3073 60.

627 3107 765 3170 colloquial
779 3107 857 3155 Latin
875 3106 927 3154 and
946 3108 1081 3155 Romance
1098 3108 1151 3155 lan-

661 3205 776 3253 guages:
797 3204 851 3250 171,
867 3189 920 3247 180,
935 3204 989 3250 214,
1004 3204 1059 3250 272.

627 3272 766 3336 colloquial
800 3273 922 3335 phrases:
951 3273 985 3321 ad
1013 3289 1150 3330 summam,

664 3369 717 3421 154,
733 3355 795 3415 168,
814 3371 861 3419 age
873 3357 932 3413 iarn,
948 3356 990 3405 161
1005 3374 1011 3415 ,
1024 3356 1074 3414 ain,
1090 3371 1149 3421 155,

662 3439 731 3502 apud
755 3439 816 3487 with
844 3454 904 3497 acc,
925 3454 979 3503 125,
1000 3454 1064 3500 124,
1085 3440 1151 3488 belle

635 3569 639 3575 ,
661 3522 764 3579 habere,
781 3523 841 3584 178;
860 3522 925 3570 bene
943 3531 968 3571 et
982 3524 1088 3579 naviter,
1102 3522 1150 3584 76;

661 3606 728 3654 bene
746 3613 917 3662 nummatum,
933 3619 993 3665 1003
1012 3607 1150 3669 colloquial

661 3688 755 3751 speech
768 3688 920 3751 recognized
935 3689 969 3754 by
982 3688 1081 3747 Cicero,
1098 3702 1150 3749 141,

601 3783 603 3806 1
661 3778 781 3819 concrete
808 3772 980 3835 expressions,
1004 3786 1052 3837 91,
1076 3772 1151 3821 erede
