2575 4200
15 286 104 343 Bm.
123 294 212 359 5·14·]
310 354 316 366 ¹
394 294 561 344 crcnno’s
586 293 760 343 iuratus.
910 306 911 309 ¹
1035 290 1082 341 231

17 465 188 545 -.pexisse
216 464 340 540 videor,
372 484 434 527 nec
467 484 487 527 a
513 484 568 526 me
597 463 697 526 alieni
725 472 759 526 et
788 462 851 526 tibi
878 460 1081 525 amicissimi.

21 571 137 653 Quod
171 592 248 635 cum
283 573 329 635 ita
355 572 408 646 sit,
437 592 579 655 magnae
607 580 719 634 tamen
753 580 804 634 est
832 570 1083 633 deliberationis

16 694 119 763 ‘tuae
150 680 236 742 ratio
263 679 307 742 sit
334 679 480 742 incunda
504 679 601 742 nobis
626 700 693 741 non
718 678 840 761 agendi
864 677 998 760 aliquid,
1024 677 1083 740 sed

27 786 123 860 llius
151 808 316 853 concessu
340 797 374 851 et
399 788 562 852 beneficio
587 786 790 870 quiescendi.
840 786 934 850 Vale.

332 1047 515 1111 Lxxvu.
551 1047 655 1133 (Fam.
677 1062 705 1128 ς.
729 1047 794 1129 14.)

161 1225 190 1272 L.
215 1222 398 1272 LVCCEIVS
422 1222 456 1284 Q.
482 1223 510 1270 F.
536 1221 562 1271 S.
586 1222 620 1270 D.
645 1222 683 1269 M.
707 1220 845 1270 TVLLIO
870 1220 907 1269 M.
932 1220 961 1269 F.

73 1359 115 1422 S.
136 1379 168 1421 ν.
187 1358 218 1421 b.
238 1358 277 1422 E.
295 1378 325 1420 v.
344 1357 431 1420 sicut
456 1355 557 1431 soleo,
579 1356 713 1438 paululo
737 1364 851 1419 tamen
876 1355 976 1418 etiam
994 1356 1083 1419 dete·
1103 1382 1114 1417 1

20 1468 102 1529 rius
131 1486 233 1547 quam
260 1465 361 1528 soleo,
422 1465 472 1527 Te
498 1463 657 1546 requisivi
690 1464 822 1545 saepius
854 1473 890 1527 ut
917 1464 1081 1539 viderem;

23 1576 168 1636 Romae
193 1573 271 1656 quia
295 1581 413 1655 postea
437 1593 505 1635 non
529 1572 625 1635 fuisti
654 1592 753 1655 quam
778 1572 1007 1646 discesseram,
1027 1571 1083 1634 mi-

12 1692 128 1744 ¹ratus
155 1702 249 1757 sum;
274 1682 362 1763 quod
387 1681 469 1744 item
493 1702 583 1744 nunc
607 1679 717 1743 miror.
784 1680 861 1743 Non
887 1680 993 1743 habco
1016 1701 1096 1744 cer-·

22 1798 105 1852 tum
125 1808 213 1871 quac
229 1798 264 1852 te
286 1809 340 1852 res
365 1789 444 1852 hinc
467 1789 610 1851 maxime
634 1788 791 1852 retrahat.
842 1788 880 1851 Si
904 1789 1083 1851 solitudine

15 1898 214 1972 delectare,
236 1917 312 1960 cum
338 1898 464 1961 scribas
489 1906 522 1959 et
547 1895 673 1979 aliquid
697 1916 778 1978 agas
803 1916 917 1959 eorum
942 1918 1081 1979 quorum

13 2005 220 2081 '⁶0nsuesti,
248 2006 378 2088 gaudeo
407 2025 516 2087 neque
543 2005 751 2087 reprehendo
774 2014 869 2067 tuum
894 2006 1080 2069 consilium.

65 2135 126 2177 am
144 2114 228 2176 nihil
245 2115 311 2177 isto
331 2123 445 2196 potest
468 2134 543 2177 esse
568 2113 746 2177 iucundius
772 2134 840 2176 non
865 2115 963 2177 modo
988 2115 1082 2177 mise-

62 2246 76 2285 s
96 2223 153 2285 his
169 2223 377 2304 temporibus
394 2232 428 2285 et
445 2222 619 2296 luctuosis,
639 2223 698 2285 sed
721 2223 822 2285 etiam
843 2223 1031 2305 tranquillis
1048 2232 1082 2285 et

50 2331 173 2413 ptatis,
191 2331 388 2412 praesertim
407 2329 460 2394 vel
484 2330 596 2393 animo
613 2330 800 2413 defetigato
824 2341 893 2406 tuo,
911 2332 968 2414 qui
993 2353 1083 2395 nunc

28 2438 187 2522 ,equiem
204 2449 341 2522 quaerat
359 2459 400 2502 ex
416 2438 547 2521 magnis
564 2438 852 2520 occupationibus
870 2439 923 2502 vel
941 2440 1080 2514 erudito,

28 2548 90 2629 qui
119 2567 253 2628 semper
277 2547 401 2630 aliquid
425 2567 467 2610 ex
491 2567 528 2610 se
552 2556 682 2628 promat
706 2547 795 2629 quod
819 2547 901 2610 alios
926 2548 1080 2622 delectet,

30 2705 167 2754 cissimi:
193 2704 292 2754 Caesar
311 2704 364 2754 had
384 2705 475 2754 shown
493 2706 534 2754 his
586 2705 613 2752 in
634 2705 679 2753 the
700 2704 798 2754 second
818 2720 885 2767 pers.
905 2706 970 2767 sing.
990 2706 1082 2754 Cicero

29 2771 183 2835 friendship
198 2771 240 2820 for
258 2773 364 2821 Servius
382 2773 416 2837 by
427 2772 534 2835 making
587 2787 648 2820 uses
669 2771 713 2820 the
734 2771 831 2834 ending
848 2789 885 2819 -re
903 2772 928 2820 in
951 2774 995 2821 the
1015 2789 1082 2835 pres.

30 2838 87 2886 him
101 2854 234 2902 governor
245 2839 274 2887 of
293 2839 533 2887 Achaia-vale:
586 2838 664 2903 subj„
682 2838 782 2901 imperf.
801 2838 861 2894 ind,
879 2838 930 2886 and
954 2839 1001 2886 fut.
1021 2839 1082 2896 ind„

31 2905 63 2952 cf.
80 2907 147 2953 Intr.
160 2904 201 2954 62.
586 2905 726 2954 elsewhere
747 2905 791 2954 the
811 2904 908 2968 ending
925 2908 979 2953 ·ris.
1017 2907 1082 2954 Two

69 2971 215 3020 LXXVII.
229 2972 320 3029 Rome,
330 2972 393 3036 May
404 2986 427 3034 9,
440 2983 535 3036 4513.st
586 2972 738 3034 exceptions
758 2987 818 3036 may
837 2972 869 3020 be
889 2971 970 3020 noted
990 2980 1017 3020 to
1039 2973 1082 3021 the
1120 2979 1123 2986 ⁴

33 3038 166 3087 Lucceius
179 3053 254 3100 urges
271 3038 363 3087 Cicero
376 3046 422 3086 not
435 3047 463 3087 to
475 3038 534 3100 give
585 3037 637 3087 last
655 3046 813 3087 statement:
839 3038 876 3102 (1)
890 3039 916 3086 in
934 3039 974 3087 his
992 3040 1083 3088 earlier

32 3103 144 3153 himself
155 3120 191 3167 up
202 3105 309 3169 entirely
319 3113 347 3152 to
358 3105 425 3168 grief
435 3105 477 3153 for
490 3105 534 3154 the
586 3105 700 3167 writings
719 3122 757 3153 -re
774 3105 796 3153 is
815 3106 872 3153 also
892 3103 975 3153 found
992 3105 1018 3153 in
1038 3106 1082 3154 the

32 3171 88 3219 loss
115 3171 144 3218 of
167 3171 207 3219 his
230 3170 366 3233 daughter.
402 3173 444 3220 On
469 3173 534 3220 Luc·
585 3171 780 3234 imperf.subj.;
801 3171 838 3234 (2)
851 3172 878 3218 in
892 3172 967 3220 verbs
986 3172 1082 3235 having

34 3237 115 3294 ceius,
126 3237 159 3285 cf.
174 3238 222 3300 Ep.
236 3238 341 3285 XVIII.
354 3237 449 3285 introd.
463 3246 532 3286 note.
586 3252 621 3285 no
633 3239 718 3287 active
729 3239 798 3286 form
811 3255 849 3285 ·re
859 3238 882 3286 is
899 3238 955 3286 also
974 3238 1037 3286 used
1055 3240 1081 3286 in

69 3318 90 3351 1.
117 3319 142 3352 s.
163 3319 190 3351 v.
213 3305 241 3352 b.
261 3318 286 3353 e.
300 3319 343 3352 v.:
366 3306 405 3352 ia.
424 3306 448 3352 si
467 3305 535 3352 vales
586 3303 631 3352 the
642 3321 710 3367 pres.
723 3305 774 3353 ind.
811 3305 895 3354 Other
906 3320 980 3354 cases
992 3305 1021 3352 of
1038 3306 1082 3354 the

34 3370 124 3419 benest.
163 3371 217 3433 Ego
228 3372 305 3428 valeo,
318 3386 348 3418 or
359 3372 463 3419 rivales
477 3371 535 3419 bene
587 3386 632 3418 use
651 3371 680 3418 of
696 3371 779 3420 forms
797 3371 823 3419 in
835 3387 882 3428 ·re‚
895 3387 924 3420 as
938 3371 1081 3421 delectare

35 3444 76 3484 est.
110 3437 192 3484 Valeo.
223 3437 337 3485 Cf.Intr.
350 3436 534 3486 62.-habeo
585 3436 655 3493 here,
668 3453 711 3486 are
727 3438 829 3486 archaic
847 3453 877 3486 or
894 3438 1083 3502 colloquial.-

36 3512 167 3553 certum:
184 3502 227 3551 for
240 3506 289 3551 scio
303 3512 420 3561 certum
439 3504 470 3552 cf.
485 3506 532 3566 Ep.
585 3518 710 3566 quorum
729 3505 897 3554 consuesti:
916 3505 960 3553 the
979 3519 1038 3554 case
1054 3505 1083 3553 of

37 3570 97 3618 LII.
119 3584 140 3618 r.
177 3570 227 3618 See
243 3571 299 3617 also
319 3572 354 3618 sic
372 3572 464 3627 habeto,
485 3572 532 3634 Ep.
585 3570 630 3618 the
649 3571 755 3619 relative
772 3572 794 3620 is
812 3570 973 3622 assimilated
985 3580 1013 3620 to
1026 3572 1083 3620 that

36 3636 140 3685 XXVI.
161 3650 170 3683 1
192 3650 339 3699 n.-quae
357 3651 422 3685 res:
446 3653 462 3684 a
480 3644 534 3685 nat·
585 3636 614 3683 of
631 3636 666 3685 its
684 3637 846 3686 antecedent.
883 3639 924 3687 Cf.
945 3639 1010 3686 Hor.
1027 3641 1081 3687 Sat.

38 3705 90 3750 ural
108 3702 250 3751 substitute
266 3703 309 3750 for
322 3706 388 3765 quid
401 3703 471 3751 from
489 3703 533 3750 the
587 3716 608 3750 1.
621 3703 643 3750 6.
660 3717 689 3768 15
701 3705 783 3752 iudice
798 3721 847 3768 quo
859 3707 926 3753 nosti
937 3706 1083 3768 populo.—

37 3783 85 3829 pen
100 3769 129 3817 of
146 3785 162 3816 a
174 3770 273 3833 lawyer.
310 3769 351 3817 ct.
364 3786 428 3832 quae
441 3787 479 3817 res
491 3770 534 3817 for
584 3770 697 3818 animo:
715 3786 749 3818 on
766 3771 810 3819 the
825 3770 1035 3833 personification
1054 3771 1083 3821 of

39 3838 108 3897 quod,
119 3837 193 3884 Fam.
206 3848 242 3882 12.
256 3849 293 3896 14.
304 3837 532 3885 2.-delectare:
584 3840 696 3896 animus,
710 3837 743 3886 ci.
757 3837 804 3901 Ep.
819 3837 879 3886 LII.
896 3851 906 3886 1
922 3853 948 3887 n.
