2575 4200
358 248 526 297 CICERO’S
551 249 726 298 LETTERS.

16 251 84 298 Fam.
101 263 142 315 15.
157 249 194 314 4.]
1020 247 1069 298 129

16 418 215 492 arbitrarer;
239 425 274 477 te
291 415 436 497 denique
460 415 607 491 memini,
626 436 702 478 cum
728 416 859 478 cuidam
884 415 1068 478 clarissimo

16 533 115 606 atque
130 524 264 606 optimo
276 523 347 585 viro
361 523 638 604 supplicationem
652 544 720 586 non
734 525 942 598 decerneres,
958 524 1068 587 dicere

16 643 45 694 te
62 635 295 706 decreturum,
314 631 343 694 si
360 631 543 694 referretur
564 633 608 694 ob
631 651 688 695 eas
713 652 771 695 res·
791 653 873 714 quas
897 632 926 695 is
951 632 1068 696 consul

16 741 45 802 in
63 742 153 803 urbe
170 739 336 822 gessisset
344 760 352 816 ;
377 749 415 802 tu
435 739 523 802 idem
546 739 629 801 mihi
655 740 933 822 supplicationem
958 741 1069 803 decre-

16 850 90 911 visti
117 856 250 930 togato,
276 868 354 922 non,
381 857 417 936 ut
443 847 568 922 multis,
590 868 626 910 re
645 869 677 929 p.
699 849 786 910 bene
810 856 916 930 gesta,
941 849 1009 923 sed,
1032 857 1068 911 ut

16 957 156 1032 nemini,
179 977 217 1018 re
239 977 270 1037 p.
290 965 496 1020 conservata.
545 955 648 1017 Mitto
673 956 762 1037 quod
787 955 954 1031 invidiam,
981 957 1069 1038 quod
1090 980 1118 1014 12

17 1065 176 1145 pericula,
202 1065 292 1146 quod
316 1064 425 1148 omnis
450 1084 542 1127 meas
566 1073 789 1146 tempestates
815 1073 847 1126 et
871 1064 1012 1128 subieris
1036 1074 1069 1127 et

17 1173 124 1235 multo
155 1173 259 1235 etiam
285 1172 402 1254 magis,
430 1173 458 1234 si
486 1192 545 1254 per
571 1192 625 1234 me
651 1171 812 1248 licuisset,
840 1173 952 1235 subire
980 1194 1070 1254 para-

17 1281 174 1343 tissimus
202 1280 319 1354 fueris,
345 1281 434 1362 quod
463 1279 607 1362 denique
636 1280 807 1343 inimicum
835 1301 945 1343 meum
975 1291 1069 1343 tuum

18 1388 195 1452 inimicum
228 1387 368 1469 putaris
399 1387 494 1451 cuius
523 1387 625 1450 etiam
654 1387 837 1462 interitum,
868 1408 943 1451 cum
972 1388 1071 1452 facile
1141 1459 1144 1466 ,

19 1495 256 1578 intellegerem
280 1496 361 1558 mihi
377 1504 540 1577 quantum
565 1496 742 1570 tribueres,
762 1497 900 1559 Milonis
921 1517 1020 1559 causa
1037 1499 1071 1558 in
1150 1499 1153 1504 ’

21 1614 142 1669 senatu
160 1603 374 1666 defendenda
390 1603 594 1685 adprobaris.
644 1603 679 1664 A
692 1624 746 1665 me
763 1613 873 1666 autem
893 1606 975 1668 haec
993 1615 1071 1667 sunt

22 1712 176 1791 profecta
200 1731 286 1792 quae
313 1732 380 1773 non
410 1731 473 1792 ego
499 1712 532 1772 in
558 1711 701 1774 benefici
727 1711 801 1774 loco
829 1732 927 1793 pono,
954 1713 1071 1774 sedin

22 1821 89 1880 veri
119 1819 296 1882 testimoni
325 1828 426 1901 atque
454 1819 566 1894 iudici,
593 1808 629 1881 ut
660 1819 967 1901 praestantissimas
995 1830 1071 1882 tuas

24 1927 167 2007 virtutes
180 1947 248 1989 non
266 1928 390 1990 tacitus
407 1926 643 1989 admirarer—
653 1927 727 2008 quis
741 1926 830 1989 enim
845 1927 877 1989 id
891 1948 959 1989 non
971 1927 1071 1990 facit?

18 2026 143 2128 s-nsed'
155 2035 191 2096 in
209 2036 365 2097 omnibus
388 2035 606 2110 orationibus,
625 2035 804 2097 sententiis
821 2035 981 2110 dicendis,
1000 2055 1073 2096 cau-

26 2144 69 2206 sis
96 2145 249 2226 agendis
280 2144 435 2206 omnibus
465 2143 609 2224 scriptis,
639 2143 776 2207 Graecis
811 2144 951 2218 Latinis,
981 2144 1072 2205 omni

27 2252 170 2334 denique
189 2252 352 2314 varietate
375 2252 563 2313 litterarum
588 2272 738 2314 mearum
759 2260 794 2313 te
816 2271 883 2313 non
909 2252 1007 2313 modo
1033 2251 1073 2313 iis

28 2375 106 2440 quos
123 2360 336 2433 vidissemus,
352 2360 410 2421 sed
428 2359 469 2421 iis
486 2360 527 2421 de
544 2360 666 2441 quibus
683 2359 902 2433 audissemus
918 2359 1073 2421 omnibus

28 2469 238 2531 anteferrem.
290 2468 441 2549 Quaeres
472 2467 616 2529 fortasse
644 2467 724 2548 quid
749 2467 792 2529 sit
810 2468 897 2549 quod
922 2487 985 2548 ego
1010 2467 1073 2530 hoc
1094 2500 1123 2551 13

28 2675 123 2723 stowed
133 2691 206 2738 upon
217 2675 310 2723 Cicero
319 2674 364 2723 the
374 2674 430 2722 title
440 2680 526 2734 ‘pater

27 2744 123 2800 patriae
133 2743 140 2764 '
152 2743 180 2789 in
192 2740 225 2805 63
238 2753 289 2789 nc.
298 2769 332 2776 —
341 2742 455 2789 cuidam
466 2740 525 2788 cla-

30 2808 158 2857 rissimo:
187 2810 215 2855 Ρ.
236 2808 374 2855 Cornelius
398 2808 525 2855 Lentulus

32 2873 158 2934 Spinther,
178 2890 229 2921 one
248 2874 277 2921 of
299 2874 415 2922 Cicero's
437 2873 526 2936 prede-

32 2953 126 2989 cessors
135 2942 164 2989 in
174 2941 273 2988 Cilicia.
300 2941 342 2988 He
354 2940 407 2988 had
416 2940 525 2988 secured

33 3007 167 3070 atriumph
180 3008 207 3053 in
223 3020 248 3071 51
266 3019 326 3066 B.c.;
345 3007 379 3055 cf.
389 3009 441 3054 Att.
453 3019 474 3071 5.
486 3020 524 3053 21.

33 3074 280 3128 4.—decerneres:
292 3074 526 3135 ashorterexpres-

34 3138 85 3186 sion
102 3140 145 3188 ior
164 3141 347 3187 decernendam
368 3155 526 3187 censeres.-

34 3207 66 3253 ob
83 3220 132 3255 eas
151 3220 216 3254 res:
237 3206 278 3253 his
290 3205 382 3253 efforts
394 3213 423 3253 to
435 3220 525 3253 secure

35 3270 141 3321 Cicero's
154 3273 232 3321 recall
241 3272 310 3319 irom
322 3271 487 3319 banishment
498 3272 525 3319 in

37 3349 61 3398 57
75 3351 121 3387 uc.
130 3353 233 3387 —non
246 3346 278 3387 ut
291 3337 399 3395 multis,
416 3346 475 3395 etc:
491 3338 524 3386 cf.

34 3404 59 3449 in
73 3399 124 3453 Cat'.
135 3421 160 3465 4.
174 3420 213 3453 20.

67 3484 101 3518 12.
130 3472 284 3521 inimicum
317 3485 433 3520 meum:
463 3470 524 3518 with

36 3538 123 3596 special
147 3539 280 3587 reference
310 3546 337 3586 to
367 3537 526 3586 Clodius.—

37 3602 148 3654 Milonis
169 3619 268 3663 causa,
287 3612 353 3653 etc:
374 3604 407 3652 cf.
427 3605 524 3659 Ascon.

35 3669 60 3714 in
72 3671 128 3719 Mil.
141 3688 166 3734 p.
178 3685 209 3737 53
214 3672 329 3735 fuerunt
338 3673 386 3734 qui
395 3672 527 3719 crederent

36 3735 71 3781 M.
85 3739 186 3786 Catonis
196 3740 319 3785 sententia
331 3753 387 3785 eum
400 3754 450 3784 esse
460 3738 526 3784 abso-

575 2674 667 2730 lutum,
681 2689 741 2721 nam
755 2709 761 2719 .
775 2710 780 2719 .
795 2709 800 2720 .
812 2680 837 2720 et
846 2674 960 2721 studebat
970 2675 999 2721 in
1011 2678 1075 2736 peti-

575 2741 643 2787 tione
673 2741 819 2787 consulatus
850 2741 947 2787 Miloni
977 2748 1001 2788 et
1033 2758 1075 2789 reo

575 2808 702 2871 adfuerat.
711 2806 947 2855 —orationibus:
966 2824 1009 2869 eg.
1023 2815 1075 2869 pro

576 2874 651 2921 Mur.
670 2886 700 2937 54
718 2874 756 2920 M.
777 2875 844 2931 Cato,
863 2874 936 2921 homo
955 2876 983 2921 in
1004 2876 1076 2921 omni

576 2942 672 2988 virtute
689 2941 831 2996 excellens,·
844 2947 896 3001 pre
913 2942 973 2987 Sest.
992 2954 1020 2987 12
1034 2942 1073 2987 M.

579 3008 646 3062 Cato,
666 3006 829 3069 fortz'ssimus
860 3013 935 3068 atque
965 3009 1074 3068 optimus

576 3074 657 3129 civem
670 3079 721 3133 pro
737 3073 810 3120 Mur.
824 3071 851 3120 61
873 3074 901 3119 in
919 3074 957 3119 M.
973 3075 1073 3130 Catone,

576 3140 679 3194 iudices,
703 3139 763 3186 llaec
785 3140 847 3186 bonu
871 3155 935 3201 quae
959 3140 1074 3187 ardemus

576 3206 667 3252 divina
679 3211 703 3252 et
716 3206 822 3267 egregia,
836 3206 917 3265 ipsim
928 3207 1010 3253 scitote
1024 3222 1074 3253 esse

573 3272 689 3333 propriu.
738 3272 825 3319 While
854 3272 1000 3334 respecting
1029 3271 1073 3320 the

577 3338 743 3400 uprightness
761 3337 790 3384 of
810 3338 886 3396 Cato,
906 3338 998 3387 Cicero
1016 3352 1075 3385 con-

575 3403 679 3453 sidered
702 3403 756 3451 him
776 3404 882 3466 lacking
901 3404 927 3452 in
949 3412 1001 3452 tact
1022 3404 1074 3452 and

575 3470 728 3534 judgment3
757 3470 791 3518 cf.
812 3487 855 3531 eg.
876 3473 929 3518 Att.
957 3484 976 3517 1.
1000 3470 1071 3531 18.7

575 3544 652 3585 curat
675 3538 738 3600 (rem
763 3536 905 3600 publicam)
932 3539 1074 3586 constantia

576 3606 658 3665 magis
673 3611 697 3652 et
712 3605 892 3666 integritate..
907 3619 1001 3666 .quam
1020 3619 1075 3651 con-

575 3672 634 3718 silio
650 3676 697 3717 aut
713 3671 815 3732 ingenio
834 3672 901 3719 Cato.
911 3698 944 3705 -
955 3670 1075 3719 Graecis

577 3735 701 3784 Latinis:
720 3736 752 3783 cf.
766 3737 829 3784 Intr.
842 3749 881 3798 94.
