2575 4200
198 259 246 308 100

494 303 496 310 .
537 261 705 309 ClCERO’S
731 260 905 308 LETTERS.

1082 260 1146 326 [Ep.
1163 263 1254 309 XXV.

197 437 305 502 taret:
339 428 429 492 ‘Oro
454 438 499 502 te,
526 429 599 510 quis
633 439 670 491 tu
704 428 782 491 esl’
849 429 916 492 Sed
951 429 1124 505 mercules,
1156 441 1254 492 extra

197 537 315 610 iocum,
334 535 433 598 homo
451 536 558 599 bellus
575 547 643 613 est;
668 537 788 599 vellem
806 559 882 600 eum
900 547 1012 600 tecum
1036 538 1251 601 abduxisses.

164 659 179 708 3
199 644 288 726 Quid
304 645 412 726 agatis
430 655 463 706 et
482 645 601 727 ecquid
619 645 654 707 in
673 645 803 708 Italiam
817 646 951 707 venturi
967 646 1038 708 sitis
1056 645 1117 709 hac
1136 646 1252 709 hieme

196 752 250 814 fae
274 752 373 833 plane
397 753 509 816 sciam.
561 754 684 816 Balbus
709 754 790 816 mihi
815 754 1022 817 confirmavit
1046 763 1081 816 te
1105 754 1250 818 divitem

196 860 357 924 futurum.
409 861 447 922 Id
477 870 589 924 utrum
619 863 774 925 Romano
803 882 895 924 more
920 862 1051 926 locutus
1075 862 1130 937 sit,
1162 864 1251 926 bene

197 978 405 1032 nummatum
438 978 473 1033 te
504 969 666 1045 futurum,
700 991 742 1033 an
776 971 942 1052 quomodo
980 969 1083 1033 Stoici
1115 971 1248 1046 dicunt,

196 1097 312 1140 omnes
344 1097 420 1140 esse
451 1078 571 1140 divites
603 1079 661 1160 qui
693 1078 785 1142 caelo
817 1088 851 1140 et
883 1088 973 1141 terra
1003 1078 1068 1140 frui
1101 1080 1248 1160 possint,

197 1187 315 1266 postea
337 1163 467 1249 videlio.
500 1180 593 1268 'Qui
626 1186 726 1250 istinc
755 1186 894 1248 veniunt
928 1187 1118 1267 superbiam
1154 1196 1248 1250 tuam

196 1303 364 1369 accusant,
391 1295 479 1376 quod
512 1303 637 1376 negent
663 1304 697 1357 te
726 1294 1003 1375 percontantibus
1029 1296 1246 1375 respondere.

198 1401 265 1465 Sed
284 1411 397 1464 tamen
415 1411 466 1464 est
484 1403 573 1484 quod
590 1403 753 1484 gaudeas;
771 1411 903 1466 constat
921 1402 1011 1464 enirn
1029 1402 1118 1464 inter
1134 1404 1248 1465 omnis

197 1510 365 1573 neminem
382 1520 417 1572 te
434 1531 501 1573 uno
520 1510 773 1573 Samarobrivae
790 1510 870 1573 iuris
887 1510 1078 1591 peritiorem
1096 1530 1183 1574 esse.

530 1735 641 1798 xxv.
681 1735 785 1820 (ram.
806 1750 834 1814 7.
859 1737 923 1818 10.)

459 1893 495 1940 Μ.
514 1850 654 1940 cIdERo
679 1892 706 1942 S.
730 1893 763 1941 D.
782 1891 982 1940 TREBATIO.

172 2059 174 2092 ;
245 2026 328 2110 Legi
357 2036 433 2089 tuas
464 2026 605 2102 litteras
637 2047 677 2088 ex
705 2025 826 2109 quibus
860 2004 1009 2088 intellexi
1041 2035 1076 2088 te
1109 2026 1247 2090 Caesari

196 2145 313 2198 nostro
329 2135 424 2198 valde
442 2136 512 2197 iure
530 2136 722 2199 consultum
739 2135 851 2198 videri.
904 2135 966 2197 Est
983 2136 1072 2217 quod
1095 2138 1245 2217 gaudeas

196 2254 231 2306 te
263 2244 296 2305 in
328 2244 392 2306 ista
422 2243 495 2306 loca
526 2244 658 2307 venisse
691 2243 748 2305 ubi
779 2242 903 2325 aliquid
935 2262 1053 2324 sapere
1081 2243 1245 2307 viderere.
1281 2279 1282 2302 ;

199 2352 298 2434 Quod
315 2352 344 2414 si
361 2353 394 2414 in
413 2352 619 2414 Britanniam
633 2371 766 2434 quoque
782 2351 955 2432 proiectus
973 2371 1075 2426 esses,
1090 2352 1246 2433 prolecto

196 2495 281 2541 crebro
288 2495 325 2541 ad
334 2510 420 2541 cenam
431 2494 530 2541 invitat.
537 2521 572 2528 -
579 2506 692 2542 mercu-

196 2559 250 2607 les:
263 2559 295 2608 cf.
308 2561 424 2616 mercule,
439 2560 486 2623 Ep.
500 2560 585 2607 XXV.
599 2574 614 2623 3
626 2576 693 2606 n.-

196 2628 283 2675 homo
302 2626 403 2683 bellus,
416 2643 432 2673 a
440 2627 508 2689 good
513 2626 611 2691 fellmv.
642 2626 692 2674 See

199 2692 309 2749 Martial,
320 2706 342 2755 3.
352 2692 391 2756 63.
419 2694 516 2748 Bellus,
528 2693 572 2740 the
585 2692 692 2740 diminu-

197 2760 249 2807 tive
262 2758 290 2806 of
308 2760 392 2816 bonus,
405 2760 426 2807 is
440 2758 503 2807 used
515 2759 653 2823 familiarly
665 2759 691 2806 in

197 2825 241 2873 the
254 2827 355 2873 Letters
365 2825 425 2873 with
439 2826 482 2873 the
494 2826 608 2887 peculiar
620 2826 697 2873 force

198 2891 279 2940 which
288 2892 427 2955 colloquial
447 2893 523 2940 Latin
536 2892 608 2940 often
624 2906 693 2954 gave

197 2967 225 3006 to
244 2959 289 3007 the
306 2957 459 3006 diminutive
479 2958 521 3019 (cf.
538 2959 692 3021 pulchellus,

198 3025 245 3089 Ep.
270 3026 301 3072 V.
328 3039 358 3073 10
381 3025 418 3088 n),
440 3042 482 3088 eg.
508 3026 610 3087 puellae
635 3027 693 3073 Cae·

196 3094 269 3141 ciliae
280 3092 430 3140 bellissimae
438 3092 544 3140 salutem
556 3093 627 3148 dices,
637 3093 691 3139 Att.

197 3158 219 3207 6.
238 3172 261 3218 4.
280 3173 305 3221 3;
329 3158 404 3205 illum
425 3160 517 3221 pueris
538 3160 621 3206 locum
642 3173 693 3205 esse

196 3226 360 3274 bellissimum
374 3226 505 3280 duximus,
517 3227 567 3271 Art.
580 3238 601 3288 5.
617 3238 654 3283 17.
665 3237 691 3287 3;

196 3306 227 3339 so
239 3292 300 3339 belle
316 3308 340 3340 se
358 3292 447 3338 labere
461 3292 478 3353 (‘
488 3300 515 3338 to
533 3290 565 3338 be
583 3292 608 3338 in
627 3290 692 3338 first-

196 3365 251 3405 rate
263 3357 386 3419 health'),
399 3360 449 3404 Att.
466 3371 502 3403 rz.
516 3371 555 3420 37.
571 3371 590 3404 r.

230 3438 253 3487 3.
271 3424 300 3471 in
319 3424 443 3472 Italiam:
468 3425 504 3469 ie.
524 3432 551 3471 to
572 3424 692 3471 Luca.—

198 3491 329 3537 Romano
343 3504 432 3537 more:
445 3489 478 3537 cf.
489 3506 557 3537 more
567 3492 690 3546 Romano,

197 3557 244 3619 Ep.
259 3557 334 3603 XXI.
349 3570 397 3618 3n,
411 3555 462 3602 and
475 3572 544 3603 more
552 3558 690 3612 marorum,

197 3623 244 3684 Ep.
259 3623 279 3668 Ι.
294 3636 304 3669 r
320 3637 343 3669 n.
353 3624 469 3670 -bene
493 3631 691 3671 nummatum:

196 3702 212 3735 a
245 3688 384 3752 colloquial
424 3689 572 3751 expression
608 3689 690 3737 which

198 3754 302 3803 Horace
325 3752 420 3819 adopts
442 3753 485 3803 ior
507 3755 590 3803 cornIc
614 3754 692 3803 effect

747 2494 824 2557 (Epp.
840 2508 859 2541 1.
872 2494 896 2543 6.
915 2492 958 2557 38)
975 2493 1086 2557 perhaps
1103 2493 1172 2541 from
1194 2494 1247 2541 this

745 2576 863 2623 passage.
885 2560 927 2608 ef.
940 2560 996 2608 also
1010 2561 1064 2608 Cic.
1077 2562 1108 2608 de
1118 2561 1164 2621 leg.
1179 2563 1245 2624 Agr.

747 2641 769 2675 2.
785 2627 947 2692 59.—quod
960 2635 1079 2690 negent:
1097 2627 1130 2674 cl.
1143 2628 1246 2681 diceret,

747 2693 793 2755 Ep.
814 2693 834 2741 I.
855 2708 869 2756 3
888 2694 1152 2756 n.-respondere:
1180 2694 1245 2741 here

746 2761 806 2807 with
820 2759 943 2807 adouble
956 2760 1084 2822 meaning,
1098 2760 1153 2816 viz,
1165 2767 1194 2806 to
1211 2776 1246 2806 re-

746 2828 793 2888 ply
805 2833 828 2873 to
841 2826 892 2873 and
910 2833 934 2873 to
947 2828 1007 2887 give
1024 2827 1092 2889 legal
1107 2827 1197 2874 advice
1214 2833 1244 2873 to.

746 2892 787 2940 Cf.
816 2895 921 2950 caunor,
952 2894 1000 2955 Ep.
1025 2893 1112 2940 XXV.
1138 2906 1151 2939 2
1176 2908 1245 2939 n.-

745 2967 859 3007 constat
884 2995 890 3007 .
911 2994 918 3006 .
940 2994 946 3006 .
973 2959 1139 3022 peritiorem
1162 2972 1244 3007 esse:

745 3025 882 3073 Trebatius
895 3024 972 3073 could
984 3033 1010 3073 at
1023 3025 1089 3073 least
1107 3034 1245 3087 congratu-

744 3090 796 3139 late
820 3092 924 3139 himself
948 3106 1018 3154 upon
1042 3090 1210 3153 discovering
1229 3106 1244 3137 a

744 3158 817 3219 place
841 3158 926 3206 where
955 3158 988 3206 he
1015 3172 1068 3205 was
1097 3158 1142 3205 the
1171 3166 1243 3205 most

743 3224 848 3272 learned
866 3223 1121 3289 lawyer-because
1138 3223 1172 3271 he
1191 3239 1243 3271 was

744 3290 788 3338 the
806 3292 867 3355 only
885 3306 942 3339 one.
978 3289 1019 3337 Cf.
1032 3290 1180 3354 quotation,
1195 3291 1241 3352 Ep.

745 3358 821 3405 XXI.
837 3357 918 3421 (end).

777 3424 862 3472 XXV.
902 3425 993 3480 Rome,
1025 3422 1180 3479 December,
1212 3436 1240 3487 54

744 3502 793 3537 uc.

780 3570 798 3603 r.
823 3565 851 3604 te
877 3557 996 3605 Caesari
1082 3556 1186 3604 videri:
1208 3554 1238 3603 cf.

743 3624 888 3685 quotation,
908 3624 955 3684 Ep.
972 3623 1048 3670 XXI.
1063 3622 1188 3685 (end).-
1198 3636 1239 3670 sa-

743 3703 827 3751 pere:
855 3689 915 3736 with
936 3689 1033 3752 special
1056 3689 1190 3737 reference
1213 3698 1238 3736 to

743 3755 870 3804 technical
899 3755 965 3819 legal
993 3754 1237 3819 knowledge—iu
