2575 4200
54 275 127 324 Fam.
142 287 163 339 5.
180 274 230 339 12.]
400 274 566 323 crenao’s
593 235 767 324 narrans.
1067 273 1099 324 79

51 442 131 523 quid
153 442 197 504 sis
215 441 343 504 nescias
361 451 394 504 et
411 443 467 524 qui
483 463 550 504 non
568 463 625 505 eos
642 443 757 524 magis,
777 444 833 525 qui
852 452 886 505 te
908 463 978 537 non
1000 443 1098 505 admi-

51 558 180 624 rentur,
211 549 339 612 invidos
371 570 470 631 quarn
503 571 570 625 eos,
601 550 658 633 qui
689 551 835 625 laudent,
868 551 1098 614 adsentatores

49 658 229 733 arbitrere3
264 678 373 738 neque
404 668 516 721 autern
550 679 613 740 ego
645 679 719 720 sum
752 659 798 720 ita
822 659 959 721 demens
983 670 1021 721 ut
1046 679 1098 721 me

49 765 275 846 sempiternae
301 763 425 846 gloriae
456 787 516 848 per
548 786 623 828 eum
657 766 880 828 commendari
906 767 1012 841 velim,
1043 767 1099 849 qui

49 895 116 936 non
138 874 208 955 ipse
225 893 357 956 quoque
374 874 407 936 in
430 895 483 936 me
509 875 773 937 commendando
797 875 962 956 propriam
986 875 1100 956 ingeni

48 982 191 1063 gloriam
208 991 441 1064 consequatur.
493 982 612 1064 Neque
630 983 718 1044 enim
736 981 930 1044 Alexander
948 983 1013 1045 ille.
1027 1004 1098 1064 gra·
1116 1005 1130 1053 7

49 1090 118 1152 tiae
146 1111 247 1153 causa
273 1090 315 1153 ab
340 1089 462 1172 Apelle
490 1091 699 1172 potissimum
713 1091 819 1172 pingi
844 1099 877 1152 et
903 1111 923 1153 a
952 1091 1098 1174 Lysippo

49 1198 135 1280 fingi
159 1198 300 1274 volebat,
328 1199 387 1262 sed
412 1200 501 1281 quod
527 1198 657 1261 illorum
681 1208 787 1261 artem
812 1219 887 1261 curn
912 1199 999 1280 ipsiS,
1026 1209 1098 1262 tum
1134 1211 1137 1217 '

49 1306 151 1369 etiam
170 1307 232 1369 sibi
248 1306 372 1388 gloriae
388 1308 462 1370 fore
478 1307 625 1389 putabat.
677 1306 793 1389 Atque
809 1305 855 1368 illi
870 1307 1013 1369 artifices
1031 1328 1098 1370 cor-

48 1415 140 1496 poris
159 1414 333 1478 simulacra
350 1415 473 1497 ignotis
490 1424 570 1478 nota
586 1415 768 1490 faciebant;
794 1433 878 1496 quae
894 1414 947 1476 vel
964 1415 992 1477 si
1008 1416 1099 1478 nulla

49 1522 127 1597 sint,
141 1521 245 1585 nihilo
262 1523 327 1585 sint
345 1529 457 1586 tamen
475 1523 684 1586 obscuriores
698 1522 776 1584 clari
788 1521 857 1584 viri.
899 1523 931 1584 N
935 1543 972 1585 ec
989 1523 1098 1586 minus

49 1641 102 1693 est
120 1640 292 1711 superstes
310 1631 489 1712 Agesilaus
506 1631 561 1693 ille
578 1630 813 1713 perhibendus,
832 1631 888 1712 qui
905 1651 1013 1713 neque
1034 1633 1098 1714 pie-

48 1750 117 1801 tam
137 1759 248 1821 neque
265 1739 376 1802 fictam
393 1739 570 1820 imaginem
588 1759 681 1802 suam
698 1759 816 1820 passus
833 1749 884 1801 est
903 1759 986 1814 esse,
999 1761 1098 1822 quam

48 1849 105 1929 qui
131 1848 166 1909 in
191 1868 231 1910 eo
255 1867 379 1930 genere
405 1847 596 1910 laborarunt
605 1869 612 1922 ;
637 1869 724 1910 unus
749 1849 837 1910 enirn
863 1850 1097 1931 Xenophontis

47 1955 183 2019 libellus
200 1956 233 2018 in
251 1976 290 2018 eo
307 1976 387 2038 rege
404 1956 567 2019 laudando
584 1956 682 2020 facile
706 1977 823 2019 omnes
847 1957 1007 2040 imagines
1032 1979 1098 2021 om-

46 2065 143 2128 nium
172 2073 367 2148 statuasque
399 2064 574 2147 superavit.
636 2063 753 2147 Atque
781 2065 845 2130 hoc
873 2067 1102 2148 praestantius

45 2174 130 2236 mihi
147 2173 247 2235 fuerit
266 2182 298 2235 et
316 2170 357 2235 ad
373 2173 532 2237 laetitiam
551 2174 652 2236 animi
676 2161 721 2236 et'
735 2175 776 2236 ad
801 2176 977 2237 memoriae
994 2176 1096 2256 digni-

45 2291 164 2355 tatem,
180 2282 209 2343 si
224 2282 257 2343 in
273 2291 333 2344 tua
349 2282 471 2363 scripta
486 2302 670 2363 pervenero
687 2303 787 2364 quarn
803 2283 832 2345 si
847 2283 880 2344 in
898 2292 1094 2358 ceterorum,

45 2390 138 2472 quod
150 2410 218 2452 non
229 2390 398 2471 ingenium
410 2390 489 2452 mihi
500 2389 606 2452 solum
618 2390 866 2471 suppeditatum
877 2390 977 2452 fuerit
989 2400 1093 2465 tuum,

44 2499 135 2561 sicut
148 2484 351 2583 Timoleonti
363 2518 383 2560 a
395 2498 531 2560 Timaeo
548 2507 605 2560 aut
619 2498 661 2560 ab
680 2498 854 2560 Herodoto
867 2498 1093 2573 Themistocli,

44 2606 106 2669 sed
134 2606 233 2667 etiam
258 2606 437 2668 auctoritas
463 2605 634 2669 clarissimi
658 2615 692 2669 et
717 2606 951 2687 spectatissimi
975 2606 1035 2668 viri
1060 2616 1094 2668 et

43 2714 78 2776 in
106 2714 156 2776 rei
180 2713 333 2795 publicae
357 2714 505 2776 maximis
538 2714 806 2796 gravissimisque
838 2714 945 2776 causis
970 2715 1096 2796 cogniti

43 2808 150 2905 atque
167 2821 201 2884 in
218 2820 330 2903 primis
347 2822 485 2903 probati,
506 2831 542 2883 ut
559 2822 638 2883 mihi
656 2842 722 2883 non
740 2822 847 2885 solum
871 2822 1093 2903 praeconium,

43 3041 117 3089 those
134 3046 305 3101 persensere
324 3040 473 3101 sycophants
490 3040 548 3087 who
598 3042 677 3102 along
691 3041 748 3088 that
762 3041 822 3096 line,
835 3042 874 3087 ie.
893 3039 922 3087 of
939 3055 1094 3089 commemo-

39 3107 132 3172 praise
143 3122 205 3167 you.
599 3108 683 3168 rating
696 3106 762 3155 their
774 3122 863 3154 names
875 3105 910 3170 by
921 3106 1019 3169 having
1034 3108 1095 3155 like-

77 3186 102 3233 7.
123 3172 298 3230 Alexander,
319 3179 378 3220 etc:
408 3172 440 3221 cf.
466 3172 546 3237 Pliny,
598 3188 687 3221 nesses
716 3173 745 3220 of
776 3173 933 3220 themselves
959 3172 1035 3220 made
1061 3172 1095 3237 by

43 3241 80 3287 Ν.
100 3239 137 3286 H.
157 3251 181 3299 7.
201 3250 246 3301 125
267 3240 333 3287 idem
352 3239 394 3286 lic
409 3241 548 3300 imperator
598 3240 713 3301 painters
742 3254 772 3285 or
800 3239 937 3300 sculptors.
951 3267 983 3274 -
996 3240 1094 3287 Xeno-

42 3307 130 3353 edixit
152 3307 243 3367 nequis
266 3306 350 3367 psum
378 3307 446 3353 alius
468 3321 545 3368 quam
598 3306 716 3367 phontis
735 3305 868 3354 libellus:
890 3305 934 3353 the
951 3306 1093 3367 Agesilaus.

43 3373 150 3434 Apelles
164 3372 288 3433 pingeret,
306 3387 384 3434 quam
405 3373 547 3434 Pyrgoteles
597 3372 770 3419 -Timaeoz
788 3387 817 3419 as
829 3372 954 3419 historiari
967 3372 997 3418 of
1009 3371 1093 3434 Sicily,

42 3441 176 3500 scalperet,
195 3454 272 3501 quam
297 3439 426 3500 Lysippus
442 3455 474 3486 ex
490 3455 547 3487 uere
598 3438 631 3485 he
649 3437 773 3486 recorded
791 3438 851 3485 with
876 3438 960 3499 praise
982 3437 1026 3485 the
1045 3437 1094 3485 dis·

42 3508 154 3554 duceret.
191 3503 233 3552 Cf.
252 3505 308 3553 also
328 3505 394 3551 Hor.
412 3507 462 3566 Ep.
483 3519 504 3552 2.
526 3518 545 3551 1.
598 3504 748 3566 tinguished
768 3504 879 3552 services
901 3504 984 3551 which
1008 3505 1093 3551 Timo-

44 3586 144 3635 239.-
154 3570 201 3618 vel
217 3570 243 3619 si
259 3571 347 3630 nulla,
361 3580 420 3619 etc:
439 3572 470 3619 cf.
485 3573 545 3618 Tac.
598 3572 658 3619 leon
671 3571 700 3618 of
714 3571 823 3618 Corinth
838 3570 962 3618 rendered
975 3571 1019 3618 the
1033 3571 1093 3618 Sici-

42 3642 109 3701 Agr.
135 3636 277 3700 46.—qui
301 3652 403 3700 neque,
423 3646 489 3685 etc:
514 3637 546 3685 cf.
598 3637 665 3685 lians
685 3638 711 3685 in
732 3637 798 3685 their
817 3638 945 3698 struggles
964 3637 1007 3683 for
1026 3637 1095 3685 inde-

43 3708 115 3767 Nep.
129 3706 204 3766 Ages.
216 3704 239 3752 8.
250 3705 342 3766 —qui
361 3739 367 3751 .
387 3739 393 3751 .
413 3739 419 3751 .
438 3704 547 3752 labora·
598 3703 823 3765 pendence.-ab
836 3703 997 3751 Herodoto:
1014 3703 1040 3749 in
1053 3704 1094 3752 his

44 3779 123 3830 runt,
136 3772 195 3818 wlco
209 3772 273 3819 leave
287 3772 390 3819 exerted
403 3770 546 3819 themselves
598 3778 710 3818 account
733 3769 762 3817 oi
784 3770 828 3818 the
854 3770 958 3818 Persian
982 3785 1095 3818 ware.—
