2575 4200
33 260 111 307 Fam.
125 272 148 321 9.
161 258 198 323 8.]
388 258 556 309 CICERO‘S
581 257 755 307 LETTERS.
1043 256 1092 309 237

32 428 128 509 quod
147 427 183 490 in
200 448 240 490 ea
255 428 326 490 vita
347 448 511 503 maneam,
530 427 565 490 in
582 448 647 509 qua
672 425 753 489 nihil
779 427 859 489 insit
886 427 950 488 nisi
975 447 1091 508 propa-

31 535 132 617 gatio
149 535 329 598 miserrimi
347 535 519 617 temporis.
563 535 630 597 Hic
644 544 681 597 tu
696 554 749 597 me
761 536 880 598 abesse
898 536 979 596 urbe
996 535 1091 596 mira·
1108 556 1124 601 4

31 644 90 718 ris,
111 644 149 705 in
173 664 238 726 qua
262 644 382 706 domus
406 642 490 705 nihil
517 643 685 706 delectare
710 643 827 723 possit,
854 663 1020 705 summurn
1047 643 1089 704 sit

31 753 155 814 odium
187 762 376 832 temporum
410 752 583 813 hominum
612 751 677 813 lori
706 751 839 814 curiae?
899 751 1017 832 Itaque
1042 751 1089 814 sic

30 859 164 923 litteris
186 870 271 933 utor,
290 860 463 941 inquibus
489 879 650 922 consumo
676 879 774 921 omne
799 868 941 941 tempus
960 879 1027 921 non
1053 869 1089 921 ut

30 970 75 1031 ab
104 968 149 1031 iis
174 968 374 1032 medicinam
399 976 606 1049 perpetuam,
631 968 690 1029 sed
715 976 753 1030 ut
778 968 931 1049 exiguam
956 967 1090 1030 oblivio-

30 1097 117 1139 nem
145 1075 267 1139 doloris
293 1086 415 1158 petam.
467 1075 567 1157 Quod
592 1075 620 1138 si
645 1075 679 1138 id
704 1075 891 1157 egissemus
909 1096 971 1158 ego
989 1084 1090 1157 atque
1110 1101 1123 1155 5

29 1195 70 1247 tu
82 1185 233 1267 —quod
250 1204 293 1247 ne
306 1184 340 1245 in
358 1193 506 1247 mentem
518 1184 652 1265 quidem
670 1184 767 1247 nobis
780 1185 936 1247 veniebat
954 1193 1090 1265 propter

32 1292 230 1358 cotidianos
255 1303 375 1367 metus,
391 1312 545 1355 —omne
570 1301 704 1373 tempus
731 1312 796 1355 una
820 1292 1012 1366 fuissemus,
1035 1312 1089 1354 ne-

30 1422 103 1485 que
131 1421 185 1464 me
201 1400 357 1464 valetudo
378 1409 436 1463 tua
453 1401 642 1463 offenderet
660 1420 769 1483 neque
785 1410 820 1463 te
837 1421 967 1463 maeror
983 1421 1087 1464 meus.
1145 1453 1154 1475 ,

33 1509 142 1593 Quod
167 1519 331 1592 quantum
356 1509 428 1571 fieri
453 1509 576 1591 poterit
602 1530 871 1591 consequamur3
896 1509 975 1591 quid
1000 1509 1088 1571 enim

31 1628 90 1682 est
125 1618 260 1701 utrique
292 1627 445 1681 nostrum
482 1617 617 1698 aptius?
683 1617 878 1699 Propediem
913 1625 948 1679 te
988 1616 1091 1699 igitur

32 1726 172 1790 videbo.

365 1902 513 1966 cxxx.
549 1902 653 1994 (Fam.
672 1920 704 1984 9.
724 1902 768 1985 a.)

395 2076 534 2126 CICERO
559 2077 716 2126 VARRON
719 2077 739 2125 1.

87 2212 167 2274 Etsi
195 2231 318 2274 munus
350 2210 511 2292 flagitare,
539 2211 690 2293 quamvis
716 2210 791 2292 quis
823 2211 1020 2286 ostenderit,
1046 2231 1120 2274 ner

33 2319 186 2401 populus
212 2319 347 2401 quidem
374 2318 459 2382 solet
488 2319 554 2381 nisi
582 2319 781 2394 concitatus,
807 2328 920 2381 tamen
948 2337 1012 2401 ego
1037 2339 1089 2382 ex·

34 2429 253 2508 spectatione
270 2427 427 2508 promissi
445 2427 496 2490 tui
517 2447 652 2490 moveor
676 2436 712 2488 ut
737 2427 933 2490 admoneam
959 2436 1002 2502 te,
1021 2447 1088 2489 non

33 2546 75 2598 ut
102 2534 263 2617 flagitem.
317 2535 397 2598 Misi
425 2544 539 2598 autem
563 2535 604 2597 ad
630 2544 665 2597 te
680 2543 838 2617 quattuor
862 2534 1088 2598 admonitores

72 2708 97 2752 4.
133 2693 195 2740 hic:
225 2693 269 2741 the
299 2669 431 2741 reference
459 2692 481 2741 is
511 2700 539 2740 to
604 2692 738 2740 'LXXX.
764 2693 915 2748 Tusculum,
932 2693 992 2756 July
1012 2706 1037 2740 11
1059 2709 1089 2741 or

33 2763 139 2808 Romae
163 2796 168 2806 .
193 2796 198 2806 .
224 2796 230 2807 .
254 2761 365 2807 miratus
394 2776 460 2816 sum,
490 2758 538 2821 Ep.
593 2771 631 2814 12,
649 2771 681 2822 45
707 2770 757 2806 ac.
808 2759 849 2806 On
869 2760 961 2816 Varro,
980 2759 1014 2808 cf.
1039 2761 1087 2822 Ep.

34 2826 185 2875 LXXVII.
201 2839 222 2872 1.
247 2826 289 2873 On
301 2826 358 2883 hic,
369 2825 401 2873 cf.
411 2825 459 2887 Ep.
473 2825 538 2873 XII.
592 2825 649 2873 LX.
661 2824 757 2873 introd.
771 2833 840 2873 note.

34 2891 539 2954 1n.-domus‚..possit:because
627 2904 647 2938 1.
679 2892 816 2954 promissi
839 2893 898 2940 tui:
928 2893 1012 2940 Varro
1036 2893 1087 2941 had

32 2961 57 3008 it
70 2956 161 3006 would
173 2957 274 3006 remind
289 2957 342 3006 him
356 2957 386 3005 of
406 2958 538 3006 Publilia’s

32 3024 245 3074 conduct—ut
264 3059 271 3072 .
293 3059 300 3072 .
320 3059 326 3072 ,
345 3033 458 3087 petam:
484 3024 539 3072 Cic-

33 3093 108 3141 ero’s
116 3090 209 3139 efforts
218 3091 244 3138 in
253 3090 362 3152 seeking
374 3091 538 3139 consolation

32 3156 124 3207 found
136 3157 288 3219 expression
301 3157 438 3222 especially
452 3158 478 3205 in
495 3158 539 3205 the

36 3225 186 3275 Consolatio
197 3223 248 3272 and
267 3224 311 3272 the
334 3225 360 3271 T
355 3227 463 3272 asculan
480 3225 539 3271 Dis-

29 3293 176 3357 putatians.

73 3371 97 3423 5.
122 3358 148 3406 si
170 3358 198 3407 id
222 3357 402 3422 egissemus:
430 3359 467 3404 ie.
486 3356 539 3404 had

33 3424 109 3474 lived
129 3423 257 3486 together.
298 3425 355 3472 The
373 3424 445 3472 force
464 3423 496 3471 of
513 3424 538 3472 si

34 3492 178 3541 continues
196 3490 308 3553 through
328 3491 539 3540 fuissemus.—

35 3572 126 3607 omne
146 3566 278 3620 tempus:
308 3575 339 3604 sc.
356 3565 414 3618 post
429 3573 504 3603 suum
523 3573 538 3603 a

40 3627 68 3673 T
63 3626 189 3671 hessalica
196 3632 288 3685 pugna
300 3627 410 3671 reditum
424 3625 453 3668 in
466 3625 538 3670 Itali-

34 3708 80 3739 am
100 3689 455 3756 (Manutius).—valetudo
473 3697 538 3737 tua:

34 3758 71 3806 ci.
86 3757 135 3819 Ep.
149 3756 291 3804 LXXVII.
307 3771 327 3804 1.

590 2956 730 3020 promised,
749 2973 778 3006 as
796 2958 865 3023 early
882 2974 912 3007 as
929 2972 960 3019 47
980 2971 1041 3017 13.C.,
1060 2968 1087 3007 to

591 3023 710 3072 dedicate
722 3039 773 3072 one
785 3024 814 3071 of
831 3025 872 3074 his
884 3025 969 3073 works
985 3033 1013 3073 to
1032 3026 1088 3074 Cic-

590 3106 650 3150 ero;
669 3090 702 3139 ci.
716 3093 768 3138 Aa.
784 3104 822 3155 13.
838 3105 874 3138 12.
890 3105 904 3154 3
922 3093 1006 3139 Varro
1021 3093 1089 3140 milii

590 3159 789 3205 denuntiaverat
799 3173 918 3221 magnam
928 3174 989 3205 sane
997 3165 1022 3205 et
1027 3175 1088 3220 gra-

590 3241 645 3273 vem
664 3225 854 3285 arpocrationem
872 3224 919 3272 but
937 3225 962 3271 in
981 3237 1014 3288 45
1032 3225 1088 3273 Cic-

590 3306 635 3339 ero
649 3293 733 3340 writes
744 3290 906 3355 impatiently
916 3291 979 3352 (Ati.
996 3304 1032 3354 13.
1049 3305 1086 3339 12.
1126 3321 1128 3326 ·

591 3357 633 3420 3):
659 3359 788 3406 biennium
804 3359 946 3420 praeteriit,
965 3373 1021 3404 cum
1043 3359 1088 3406 illc

591 3426 768 3482 Καλλιππίδης
776 3426 879 3472 assidua
888 3441 965 3472 cursu
974 3425 1085 3473 cubitum

591 3491 693 3537 nullam
720 3494 878 3552 processerit.
933 3491 1087 3555 Ultimately

591 3557 697 3604 Varro's
716 3557 786 3604 work
810 3559 840 3604 de
863 3558 966 3619 Lingua
990 3559 1085 3606 Latina

590 3622 727 3684 appeared,
741 3623 856 3672 between
868 3636 900 3687 45
917 3623 968 3671 and
983 3638 1015 3687 43
1029 3637 1086 3680 uc,

591 3689 619 3735 of
636 3689 719 3736 which
733 3696 829 3753 twenty
841 3690 927 3738 books
939 3705 1006 3738 were
1018 3688 1087 3738 dedi-

590 3755 666 3803 cated
684 3761 712 3803 to
732 3755 1019 3818 Cicero—quattuor
1036 3757 1087 3804 ad-
