2575 4200
185 228 217 280 58
521 225 690 277 CICERO'S
715 225 889 273 LETTERS.
1082 222 1137 287 [Ep.
1149 221 1202 269 xlv.

185 396 309 471 nescio,
328 394 393 457 nisi
413 394 452 457 ad
479 393 610 476 eosqui
634 394 676 457 ad
700 413 755 455 me
780 392 940 467 scribunt,
958 400 1016 454 aut
1041 392 1082 453 ad
1106 410 1157 452 eos
1176 389 1204 449 de

185 503 306 587 quibus
323 504 365 565 ad
381 522 436 565 me
452 522 511 566 vos
536 502 660 585 aliquid
685 501 842 565 scribitis.
894 500 1055 582 Longius,
1075 497 1203 581 quonian

185 611 232 675 ita
256 611 350 674 vobis
375 611 495 693 placet,
522 630 588 673 non
614 610 783 673 discedam
791 630 799 686 3
831 609 890 671 sed
916 608 1014 670 velim
1039 617 1134 689 quam
1156 623 1204 666 sae-

185 718 322 802 pissime
339 719 468 782 litteras
486 718 638 793 mittatis,
658 716 853 799 praesertim
879 716 1002 797 siquid
1027 724 1079 778 est
1103 712 1204 776 firmius

185 829 274 911 quod
291 847 473 909 speremus
511 826 641 901 Valete,
658 846 732 888 mea
749 824 923 899 desideria,
939 824 1057 887 valete.
1098 822 1136 885 D.
1149 842 1172 884 a.
1183 820 1202 881 d.

186 955 224 998 111
242 936 330 999 Non.
350 935 427 999 Oct.
478 934 728 997 Thessalonica.

534 1143 628 1207 XIV.
664 1143 748 1228 (Art.
769 1159 799 1222 3.
815 1144 883 1225 22.)

424 1368 429 1379 ι
508 1300 648 1349 cronno
673 1300 813 1348 Arrrco
838 1300 914 1348 sne.

154 1466 165 1501 1
233 1436 309 1499 Etsi
325 1436 506 1517 diligenter
525 1436 566 1497 ad
592 1455 644 1497 me
664 1434 706 1517 Q.
725 1434 830 1496 irater
854 1444 887 1496 et
914 1434 989 1496 Piso
1007 1454 1093 1515 quae
1116 1438 1207 1495 essent

185 1554 261 1608 acta
285 1545 497 1626 scripserant,
524 1553 638 1605 tamen
664 1542 784 1605 vellem
816 1552 874 1604 tua
902 1550 937 1604 te
965 1540 1138 1622 occupatio
1158 1557 1208 1600 non

186 1653 380 1734 impedisset
398 1673 463 1734 quo
482 1653 601 1726 minus,
622 1661 659 1713 ut
677 1650 857 1724 consuesti,
877 1652 918 1713 ad
941 1670 994 1712 me
1018 1650 1098 1731 quid
1122 1666 1210 1730 agere·

185 1771 241 1823 tur
257 1771 290 1823 et
308 1762 387 1843 quid
406 1760 621 1841 intellegeres
639 1759 873 1840 perscriberes.
925 1758 983 1820 Me
1007 1758 1116 1821 adhuc
1140 1755 1211 1818 Plan-

186 1870 257 1932 cius
282 1869 482 1932 liberalitate
508 1888 567 1930 sua
592 1869 726 1940 retinet,
754 1868 819 1929 iam
845 1866 1046 1948 aliquotiens
1077 1875 1211 1930 conatum

185 1978 233 2039 ire
258 1978 292 2039 in
319 1977 467 2058 Epirum.
518 1976 604 2057 Spes
630 1975 759 2038 homini
783 1984 835 2037 est
865 1955 996 2048 iniecta,
1024 1995 1092 2037 non
1117 1973 1211 2035 eadem

185 2092 270 2168 quae
295 2085 385 2160 mihi,
412 2105 511 2167 posse
540 2105 601 2147 nos
633 2105 700 2147 una
728 2084 905 2159 decedere;
941 2104 1041 2165 quam
1071 2103 1139 2146 rem
1165 2076 1214 2143 sibi

185 2215 309 2275 magno
337 2194 453 2257 honori
482 2204 594 2274 sperat
620 2193 702 2256 fore.
756 2193 822 2257 Sed
852 2193 926 2266 iam,
953 2212 1029 2255 cum
1054 2192 1215 2254 adventare

186 2303 309 2364 milites
326 2303 488 2376 dicentur,
508 2302 700 2365 iaciendum
721 2285 824 2364 'nobis
849 2300 912 2363 erit
938 2309 975 2362 ut
1000 2300 1042 2362 ab
1067 2319 1107 2362 eo
1130 2298 1215 2360 disce·

186 2412 317 2487 damus;
343 2412 430 2493 quod
449 2431 523 2474 cum
541 2410 714 2485 faciemus
733 2411 774 2472 ad
799 2419 833 2472 te
859 2408 973 2472 statim
991 2407 1171 2479 mittemus,
1186 2412 1215 2465 ut

153 2549 166 2582 2
186 2519 271 2581 scias
290 2518 345 2580 ubi
363 2517 478 2580 simus.
530 2518 696 2581 Lentulus
718 2539 779 2581 suo
804 2519 838 2580 in
863 2537 924 2580 nos
949 2515 1068 2590 officio,
1088 2514 1172 2598 quod
1190 2519 1217 2572 et

186 2646 221 2688 re
238 2635 271 2687 et
289 2626 461 2706 promissis
478 2635 510 2688 et
535 2627 657 2689 litteris
675 2627 830 2701 declarat,
851 2646 944 2707 spem
971 2625 1068 2688 nobis
1094 2619 1216 2685 nonnul-

185 2733 251 2796 lam
276 2734 384 2797 adfert
411 2733 547 2815 Pompei
572 2735 769 2811 voluntatis;
804 2754 903 2815 saepe
935 2733 1024 2796 enim
1049 2742 1086 2795 tu
1113 2732 1216 2794 adme

186 2841 351 2923 scripsisti
368 2862 444 2904 eum
462 2852 570 2904 totum
589 2863 664 2905 esse
682 2843 715 2905 in
739 2843 826 2905 illius
852 2851 1031 2923 potestate.
1084 2841 1136 2901 De
1159 2837 1218 2898 Me-

219 2990 241 3035 4.
261 2989 326 3023 mea
348 2975 498 3024 desideria:
530 2977 574 3025 the
600 2978 683 3040 plural
738 2977 894 3026 Macedonia
908 2975 960 3024 had
981 2975 1046 3023 been
1065 2970 1180 3035 assigned
1196 2978 1218 3014 t0

186 3041 301 3090 includes
314 3042 378 3096 wife,
392 3042 526 3104 daughter,
541 3042 593 3090 and
605 3059 661 3092 son.
736 3044 781 3091 the
794 3044 884 3091 consul
901 3045 929 3090 L.
943 3042 1100 3104 Calpurnius
1120 3039 1175 3088 PIso
1185 3035 1220 3082 for

220 3108 294 3156 xlv.
313 3108 507 3166 Thessalonica,
516 3110 685 3172 withapost·
739 3122 767 3172 57
794 3123 851 3166 uc,
871 3108 921 3157 and
951 3109 1044 3156 Cicero
1073 3105 1160 3155 feared
1182 3101 1218 3149 the

186 3175 264 3236 script
280 3174 348 3222 from
368 3175 546 3239 Dyrrachium,
562 3177 631 3224 Nov.
646 3190 659 3223 2
664 3189 684 3240 5,
737 3178 841 3238 coming
859 3177 888 3223 of
904 3175 945 3222 his
962 3174 1080 3223 soldiers.

188 3240 217 3304 58
232 3253 281 3289 nc.
772 3257 792 3289 2.
808 3243 960 3291 Lentulus:
973 3239 1072 3289 elected
1084 3248 1113 3287 to
1122 3239 1164 3286 the
1172 3248 1221 3284 con·
1266 3276 1268 3284 ,

221 3321 241 3354 1.
262 3307 340 3356 Piso:
365 3307 397 3356 cf.
418 3309 465 3372 Ep.
489 3308 568 3356 XIII.
590 3324 687 3356 2n.—
737 3310 837 3370 sulship
854 3309 896 3356 ior
915 3323 943 3372 57
958 3320 1007 3355 Bc.
1043 3306 1136 3354 Cicero
1151 3296 1220 3352 based
1266 3288 1268 3374 i

187 3375 350 3424 consuesti:
372 3374 405 3423 cf.
429 3376 491 3422 Intr.
508 3374 686 3424 tra-Plan·
737 3384 808 3436 great
817 3376 900 3438 hopes
911 3390 981 3436 upon
991 3374 1043 3422 this
1053 3363 1221 3420 man’sfriend·
1266 3380 1268 3411 t

187 3441 259 3489 cius:
278 3449 402 3505 quaestor
417 3441 445 3489 of
463 3441 618 3489 Macedonia
634 3441 686 3488 and
737 3442 796 3504 ship
814 3442 855 3489 for
876 3443 928 3488 him
953 3440 1003 3488 and
1027 3441 1153 3488 influence
1170 3431 1219 3482 with

187 3507 302 3555 Cicero’s
315 3508 416 3557 hostat
430 3507 623 3556 Thessalonica.
655 3509 686 3555 In
740 3509 946 3571 Pompey.—de
967 3507 1100 3554 Metello:
1121 3505 1151 3564 Q.
1169 3503 1220 3549 Cae·
1266 3509 1268 3548 Ξ

187 3583 272 3621 return
286 3575 327 3621 lor
340 3575 379 3622 his
398 3573 523 3622 kindness
540 3575 631 3622 Cicero
645 3574 686 3622 de·
737 3575 810 3622 cilius
831 3576 952 3621 Metellus
975 3576 1066 3635 Nepos
1085 3587 1135 3619 was
1155 3565 1220 3616 robe
1266 3574 1267 3605 ἶ

185 3640 281 3688 fended
302 3641 355 3687 him
373 3641 404 3692 in,
421 3653 451 3704 54
466 3653 524 3697 B.c.,
538 3642 563 3687 in
582 3642 626 3688 the
641 3644 685 3688 Or.
739 3641 782 3688 the
806 3641 939 3702 colleague
965 3641 993 3687 of
1020 3640 1152 3687 Lentulus.
1187 3632 1220 3678 lle
1266 3680 1268 3699 Ε

182 3715 232 3766 pro
247 3708 359 3753 Plancio.
392 3707 433 3754 Cf.
450 3707 505 3754 also
518 3709 596 3754 'an
614 3721 650 3766 14.
667 3721 685 3752 1.
738 3705 1116 3768 had,astril)une‚prevented
1133 3705 1219 3750 Cicero·
1266 3744 1268 3769 Ι

188 3773 380 3835 3.—milites,
395 3773 511 3821 etc.:the
524 3773 647 3836 province
659 3773 688 3820 of
738 3780 765 3820 at
776 3773 819 3820 the
828 3775 897 3822 close
906 3772 1140 3835 oihisconsulship
1149 3771 1217 3834 (Fam
1266 3788 1268 3810 ι
