2575 4200
199 235 249 285 236
538 237 707 287 CICERO'S
733 238 907 287 LETTERS.
1045 236 1109 303 [Ep.
1126 237 1240 285 LXXIX
1272 284 1273 291 ,

201 381 407 479 ‘iucundus’
419 403 485 467 nisi
498 404 531 467 id
549 406 689 469 verbum
707 405 741 468 in
758 424 857 469 omne
876 414 1009 487 tempus
1027 404 1247 486 perdidissem

199 550 243 557 —
257 531 366 593 neque
383 512 426 575 ob
443 532 516 576 eam
535 534 636 575 unam
655 534 799 589 causam,
818 534 916 595 quam
943 522 980 577 tu
1006 513 1197 595 suspicaris
1220 524 1246 575 et
1273 532 1274 535 ’

201 620 234 681 in
258 641 324 702 qua
347 641 402 683 me
425 620 606 684 lenissimis
632 631 666 684 et
691 621 931 685 amantissimis
950 621 1062 685 verbis
1089 631 1197 684 utens
1220 642 1248 685 re

199 728 345 810 graviter
374 749 521 805 accusas,
549 731 608 793 sed
641 731 730 812 quod
755 729 844 793 illius
878 730 964 793 tanti
988 730 1145 793 vulneris
1170 749 1248 811 quac

168 860 181 893 2
200 837 346 900 remedia
358 857 435 901 esse
448 838 626 914 debebant,
643 858 683 902 ea
700 839 791 902 nulla
803 848 892 903 sunt.
933 838 1024 921 Quid
1038 838 1160 901 enirn?
1199 838 1248 899 Ad

199 945 369 1009 amicosne
385 946 602 1029 confugiam?
658 946 767 1030 Quam
786 947 883 1010 multi
900 947 1004 1011 sunt?
1055 947 1248 1009 Habuimus

200 1053 287 1116 enirn
305 1054 377 1117 fere
393 1055 591 1131 communis,
605 1076 747 1137 quorum
764 1055 820 1119 alii
837 1056 1043 1131 occiderunt,
1059 1054 1118 1118 alii
1137 1054 1249 1117 nescio

199 1182 265 1243 quo
290 1172 388 1244 paeto
413 1163 656 1228 obduruerunt.
707 1164 835 1227 Tecum
860 1163 972 1227 vivere
996 1184 1136 1246 possem
1163 1164 1250 1244 equi·

199 1269 275 1332 dem
304 1280 338 1333 et
369 1271 513 1351 maxime
548 1271 687 1349 vellem;
720 1282 872 1335 vetustas
908 1293 1001 1335 amor
1038 1272 1250 1335 consuetudo

199 1378 311 1441 studia
322 1380 475 1459 paria,-
484 1381 573 1462 quod
587 1380 745 1456 vinclum,
759 1401 894 1463 quaes0,
909 1381 1005 1444 deest
1019 1389 1160 1451 nostrae
1174 1399 1249 1443 con-

199 1486 404 1550 iunctionis?
441 1488 668 1552 Possumusne
685 1488 787 1571 igitur
804 1508 880 1552 esse
896 1489 986 1552 uria?
1023 1489 1097 1551 Nec
1121 1488 1250 1550 meher-

199 1594 273 1658 cule
300 1594 461 1678 intellego
489 1597 569 1679 quid
599 1597 784 1680 impediat;
821 1598 880 1660 sed
912 1606 1004 1661 certe
1036 1596 1147 1660 adhuc
1184 1616 1249 1658 non
1275 1569 1276 1657 l

197 1703 333 1779 fuimus,
359 1725 435 1768 cum
464 1725 615 1769 essemus
644 1706 747 1770 vicini
775 1706 809 1768 in
840 1704 1041 1780 Tusculan0‚
1069 1705 1104 1767 in
1130 1704 1251 1769 Puteo-

197 1811 284 1877 lano,
333 1812 422 1876 Nam
446 1814 525 1896 quid
549 1814 658 1877 dicam
683 1814 717 1876 in
742 1815 848 1877 urbe?
881 1814 915 1876 in
940 1833 1015 1897 qua,
1033 1833 1111 1877 curn
1135 1812 1250 1877 forum

165 1938 180 1987 3
198 1941 376 1985 commune
389 1922 443 1998 sit,
458 1921 614 1986 vicinitas
631 1943 699 1985 non
717 1908 907 2005 requiritur.
950 1921 1018 1986 Sed
1034 1942 1116 1986 casu
1131 1924 1251 1986 nescio

198 2049 264 2112 quo
281 2030 316 2092 in
333 2050 372 2093 ea
389 2039 540 2114 tempora
560 2040 676 2094 nostra
697 2040 790 2094 aetas
808 2030 925 2094 incidit
942 2039 990 2107 ut,
1008 2051 1085 2094 cum
1104 2032 1251 2093 maxime
1276 2091 1277 2130 ,

198 2138 316 2202 florere
333 2161 395 2203 nos
412 2149 591 2222 oporteret,
606 2150 678 2203 tum
695 2141 807 2203 vivere
824 2141 926 2204 etiam
943 2141 1095 2222 puderet.
1148 2139 1251 2222 Quod
1276 2133 1277 2192 l

198 2247 287 2309 enim
304 2267 379 2311 esse
396 2257 527 2330 poterat
548 2249 630 2311 mihi
655 2249 846 2331 perfugium
871 2249 1014 2331 spoliato
1038 2258 1072 2311 et
1089 2249 1252 2311 domesti-

198 2355 246 2418 cis
263 2365 297 2418 et
312 2356 504 2420 forensibus
522 2357 728 2420 ornamentis
753 2366 854 2439 atque
878 2356 1034 2420 solaciis?
1085 2356 1249 2430 Litterae,

198 2464 307 2539 cred0,
334 2465 456 2547 quibus
485 2474 562 2528 utor
589 2466 742 2543 assidue;
779 2465 858 2548 quid
891 2465 979 2529 enim
1013 2465 1103 2528 aliud
1137 2464 1251 2529 facere

198 2573 358 2653 possum?
416 2572 484 2636 Sed
509 2574 622 2637 nescio
648 2575 815 2656 quomodo
844 2573 938 2656 ipsae
964 2573 1040 2637 illae
1068 2573 1250 2637 excludere

197 2699 251 2742 me
273 2701 293 2742 a
311 2690 410 2762 portu
435 2690 469 2745 et
494 2682 649 2765 perfugio
673 2681 830 2746 videntur
854 2690 888 2745 et
914 2681 1009 2765 quasi
1034 2682 1248 2764 exprobrare,

234 2851 254 2885 1.
283 2838 442 2890 iucundus:
471 2839 504 2888 cf.
533 2841 695 2900 iucundiora,
748 2841 877 2905 naturally
889 2848 982 2903 expect
994 2847 1022 2888 to
1038 2855 1101 2902 reap
1114 2839 1163 2888 the
1181 2841 1249 2895 fruit,

193 2906 319 2965 gratiora,
338 2907 386 2969 Ep.
407 2906 533 2955 LXXVI.
555 2920 565 2954 1
585 2909 695 2956 n.—0b
749 2907 775 2954 in
799 2908 843 2956 the
861 2921 917 2971 way
937 2906 966 2954 of
988 2907 1124 2962 influence,
1146 2906 1250 2954 distinc-

198 2984 263 3019 eam
271 2985 359 3020 unam
372 2986 504 3022 causam:
519 2989 552 3020 sc.
560 2973 606 3022 the
614 2972 694 3022 death
749 2973 813 3031 tion,
826 2972 877 3020 and
893 2972 1058 3036 friendships,
1072 2972 1102 3020 of
1120 2972 1165 3021 his
1178 2988 1249 3036 years

198 3036 226 3084 of
238 3038 330 3086 Tullia.
339 3039 508 3088 —remedia
520 3057 526 3086 ε
542 3056 575 3089 sc.
587 3039 693 3096 friends,
749 3038 778 3087 of
785 3039 856 3088 work
866 3039 918 3087 and
928 3039 1014 3104 study.
1022 3039 1247 3088 -domesticisz

197 3103 333 3163 influence,
355 3104 481 3163 freedom,
500 3106 564 3155 clvic
587 3106 694 3163 honors,
749 3112 777 3154 to
786 3105 917 3167 bejoined
930 3120 1002 3155 more
1010 3105 1182 3170 particularly
1190 3106 1248 3153 with

196 3178 245 3219 etc.
281 3171 322 3250 Cf:
337 3172 524 3250 Ep3Lxxvl.
539 3186 553 3220 2
566 3188 608 3221 nn.
749 3172 873 3222 solaciis.
909 3171 951 3220 Cf.
963 3173 1065 3219 amt'ssis
1080 3175 1247 3250 ornamentis.

196 3237 694 3370 ..²rtt'ttnt'lrtttllftltltl
747 3237 1249 3368 ma...¹;ttl1z.,²r.am

196 3372 334 3434 expecting
356 3388 372 3421 a
396 3373 516 3436 negative
543 3387 649 3421 answer.
662 3399 696 3406 -
748 3379 828 3420 wrote
847 3371 892 3420 the
914 3372 1064 3426 Consolatio,
1082 3372 1248 3426 Hortensius,

196 3438 379 3488 occiderunt:
396 3439 429 3487 cf.
448 3440 497 3502 Ep.
514 3439 601 3486 LXII.
619 3452 633 3486 2
650 3453 694 3486 nn.
747 3439 777 3486 de
794 3439 909 3495 Finibus,
923 3436 975 3485 and
993 3438 1155 3486 Academica.
1193 3439 1248 3486 The

196 3519 449 3568 -possumusnet
477 3519 514 3554 ne
537 3505 579 3553 for
602 3520 694 3553 nonne.
753 3506 911 3553 Tusculanae
923 3505 1119 3565 Disputationes
1132 3503 1187 3552 and
1207 3505 1248 3553 the

197 3571 261 3619 This
284 3587 363 3634 usage
387 3572 475 3634 points
503 3571 570 3619 back
598 3580 626 3619 to
651 3571 695 3619 the
746 3573 776 3618 de
799 3574 906 3619 Natura
930 3572 1045 3618 Deorum
1071 3586 1139 3618 were
1162 3572 1248 3634 partly

196 3637 286 3699 period
298 3638 372 3686 when
389 3654 472 3685 nonne
485 3653 536 3686 was
554 3637 693 3685 unknown.
747 3638 846 3685 written
853 3638 878 3684 ln
888 3637 1009 3684 thesame
1017 3651 1142 3700 year—a
1152 3647 1247 3700 portu:

231 3717 253 3766 3.
278 3717 345 3752 curn
359 3739 365 3750 .
381 3739 387 3750 .
401 3738 407 3750 .
421 3712 581 3766 oporteret:
601 3704 694 3752 Cicero
747 3703 779 3750 cl.
797 3705 825 3750 in
842 3705 935 3764 puppi,
954 3711 1011 3759 etc,
1031 3704 1078 3765 Ep.
1098 3704 1218 3751 LXVII.
1238 3719 1249 3766 3

197 3767 250 3817 had
260 3768 368 3817 reached
383 3785 415 3815 an
426 3784 474 3830 age
482 3769 555 3816 when
570 3769 602 3816 he
612 3769 694 3831 might
747 3769 798 3816 and
811 3771 931 3817 contraxi
941 3771 1004 3826 velo,
1015 3771 1062 3833 Ep.
1073 3769 1104 3815 V.
1119 3784 1132 3816 2
1147 3786 1172 3816 n.
