2575 4200
38 202 120 247 fiam.
136 199 227 264 5·15·l
398 200 565 249 crcnno’s
590 201 764 249 Lnrrnns.
1053 200 1100 249 235

37 366 161 430 fectus
188 353 288 431 esset.
339 367 484 431 Coactus
511 389 585 431 sum
611 368 645 431 in
672 369 788 431 eadem
815 368 870 432 illa
895 369 1015 432 lectica
1036 364 1101 451 qua

38 474 120 556 ipse
146 475 280 564 delatus
305 495 405 550 eram,
432 476 583 557 meisque
609 476 789 539 lecticariis
817 476 851 539 in
880 478 996 540 urbem
1023 498 1098 540 eum

37 583 188 657 referre,
207 583 319 665 ibique
343 604 403 665 pro
428 604 467 646 ea
492 584 587 665 copia
610 604 696 666 quae
720 584 868 647 Athenis
894 595 975 660 erat,
996 586 1099 649 funus

37 692 73 753 ei
97 692 187 755 satis
210 684 356 773 amplum
372 692 565 756 iaciendum
582 692 704 755 curavi.
753 693 811 754 Ab
829 692 1098 756 Atheniensibus

36 800 162 863 locum
180 799 373 882 sepulturae
390 800 480 863 intra
495 801 612 863 urbem
636 809 673 862 ut
690 802 809 865 darent
835 802 1014 884 impetrare
1030 823 1099 865 non

36 895 157 990 potui,
172 909 260 991 quod
277 908 439 991 religione
456 928 493 971 se
510 909 664 991 impediri
680 910 841 985 dicerent,
860 930 969 993 neque
985 920 1098 973 tamen

37 1017 74 1079 id
95 1025 203 1079 antea
218 1016 373 1099 cuiquam
390 1026 637 1081 concesserant.
690 1018 790 1099 Quod
814 1018 999 1099 proximum
1021 1018 1096 1092 fuit,

38 1126 96 1187 uti
124 1126 246 1207 inquo
263 1125 425 1187 vellemus
450 1126 626 1208 gymnasio
652 1146 727 1188 eum
754 1125 981 1208 sepeliremus
1000 1126 1098 1189 nobis

36 1233 286 1315 permiserunt.
349 1233 421 1295 Nos
442 1233 477 1294 in
497 1234 707 1297 nobilissimo
729 1234 801 1297 orbi
826 1243 990 1297 terrarum
1007 1256 1099 1317 gym-

37 1342 146 1404 nasio
163 1340 368 1429 Academiae
381 1341 491 1404 locum
509 1341 695 1423 delegimus
714 1342 827 1424 ibique
847 1318 922 1405 euin
948 1343 1099 1407 combus-

39 1450 156 1512 simus
181 1458 370 1530 posteaque
393 1450 581 1512 curavimus
610 1459 647 1512 ut
677 1450 776 1512 iidem
802 1450 1035 1513 Athenienses
1064 1451 1097 1513 in

40 1559 169 1621 eodem
198 1556 272 1620 loco
301 1566 557 1620 monumentum
591 1558 621 1620 ei
654 1579 874 1622 marmoreum
907 1559 1098 1623 iaciendum

40 1666 210 1729 locarent.
261 1665 322 1739 Ita,
342 1686 427 1752 quae
443 1674 559 1728 nostra
575 1665 685 1729 officia
709 1666 846 1729 fuerunt
871 1687 930 1747 pro
956 1666 1098 1748 collegio
1170 1712 1173 1717 -

41 1783 78 1835 et
97 1794 161 1854 pro
179 1773 439 1855 propinquitate,
458 1783 493 1835 et
509 1774 585 1836 vivo
602 1783 636 1835 et
660 1783 792 1837 mortuo
816 1774 928 1837 omnia
952 1774 984 1836 ei
1007 1794 1099 1856 prac-

42 1881 210 1945 stitimus.
259 1880 353 1944 Vale.
404 1881 446 1945 D.
466 1902 514 1963 pr.
533 1882 576 1944 K'.
597 1882 670 1944 Iun.
690 1881 848 1945 Athenis.

351 2169 519 2233 Lxxrx.
555 2126 661 2254 (aaa.
682 2183 710 2250 5.
734 2171 797 2252 15.)

242 2359 279 2408 Μ.
303 2359 443 2408 cronno
467 2359 495 2407 s.
519 2339 553 2407 o'.
578 2360 608 2407 L.
633 2359 795 2407 chcnro
819 2360 853 2420 Q.
878 2361 907 2409 r.

93 2511 218 2574 Omnis
235 2530 328 2572 amor
344 2519 422 2572 tuus
439 2529 480 2571 ex
496 2509 652 2572 omnibus
675 2509 826 2591 partibus
844 2529 880 2572 se
896 2509 1044 2572 ostendit
1062 2510 1095 2574 in
1117 2541 1127 2577 1

42 2619 85 2681 iis
112 2618 236 2680 litteris
260 2637 343 2699 quas
368 2637 388 2679 a
411 2627 447 2680 te
470 2617 620 2698 proxime
644 2617 767 2699 accepi,
789 2638 857 2679 non
881 2616 936 2679 ille
962 2617 1095 2700 quidem

41 2726 130 2788 mihi
153 2726 305 2807 ignotus,'
323 2725 381 2787 sed
407 2734 519 2787 tamen
544 2733 660 2806 gratus
686 2735 719 2786 et
744 2725 1095 2806 optatus—dicerem

42 2899 99 2948 had
112 2899 184 2962 good
196 2915 289 2948 reason
303 2908 331 2947 to
343 2900 399 2947 fear
409 2899 453 2947 the
462 2916 545 2948 sever·
598 2899 741 2949 vellemus
755 2900 923 2964 gymnasio:
945 2899 1017 2948 there
1030 2917 1096 2949 were

42 2968 82 3031 ity
90 2966 122 3014 of
131 2966 176 3015 the
183 2966 238 3013 law.
247 2995 280 3002 —
288 2967 362 3014 meis
374 2966 544 3015 lecticariis:
598 2966 671 3015 three
683 2967 709 3014 in
723 2966 840 3014 Athens:
853 2967 958 3023 Λύκειον,
971 2967 1096 3028 Κυνόσαρ-

43 3034 97 3082 abl.
112 3032 141 3080 of
155 3048 294 3080 means-
303 3047 354 3095 pro
366 3047 401 3080 ea
414 3034 505 3096 copia,
518 3050 544 3080 so
597 3049 645 3092 γες,
666 3028 811 3091 Ἀκαδημία.
823 3061 858 3068 -
869 3032 947 3081 orbi:
976 3033 1094 3081 locative.

39 3102 91 3167 sar
114 3116 143 3147 as
166 3101 208 3147 the
222 3100 347 3162 jacilities
368 3100 406 3161 (at
430 3101 543 3163 Athens)
596 3100 727 3148 -iidem
752 3099 965 3147 Athenienses:
992 3101 1028 3146 i.e.
1051 3100 1095 3148 the

42 3167 244 3215 allowed—ut
258 3166 396 3229 (darent):
416 3167 460 3215 the
478 3168 545 3230 posi·
597 3183 669 3216 same
681 3167 775 3230 people
788 3166 846 3214 who
864 3165 916 3213 had
932 3164 1049 3213 declined
1067 3174 1094 3214 to

44 3234 103 3281 tion
123 3232 153 3280 of
171 3241 203 3283 ut
223 3233 250 3280 in
270 3233 314 3282 the
333 3233 430 3283 middle
449 3234 477 3282 of
500 3234 545 3282 the
596 3234 673 3282 allow
696 3234 740 3282 the
762 3233 838 3282 ashes
857 3241 885 3281 to
909 3232 940 3281 be
959 3231 1095 3293 deposited

44 3301 136 3348 clause
162 3301 217 3365 lays
246 3301 378 3363 emphasis
405 3317 476 3364 upon
500 3300 545 3349 the
596 3300 685 3349 within
698 3301 742 3348 the
755 3299 1093 3365 city.-propinquitate:

43 3366 132 3416 words
156 3367 240 3415 which
268 3367 385 3431 precede.
430 3367 471 3415 Cf.
496 3368 543 3429 Ep.
596 3367 657 3414 how
685 3367 822 3415 Marcellus
852 3381 904 3414 was
937 3365 1034 3414 related
1066 3375 1094 3414 to

46 3435 138 3482 XXX.
154 3447 163 3481 1
179 3435 326 3497 n.-qu0d
339 3469 346 3482 .
360 3469 367 3482 .
381 3470 388 3482 .
401 3433 543 3483 dicerent:
598 3433 703 3481 Servius
720 3434 743 3482 is
760 3432 974 3481 unknown—d.
988 3447 1029 3495 pr.
1046 3433 1093 3498 K„

46 3501 92 3547 the
105 3499 181 3562 subj.,
194 3500 321 3563 although
334 3509 380 3549 not
394 3501 545 3562 expressing
596 3508 660 3549 etc:
685 3499 718 3548 cf.
731 3501 795 3548 Intr.
808 3499 848 3547 62.

46 3574 177 3628 apretext
194 3566 242 3614 but
260 3567 305 3614 the
321 3568 373 3615 real
389 3583 493 3627 reason;
511 3566 543 3615 cf.
632 3567 761 3615 LXXIX.
787 3565 892 3622 Astura,
917 3566 980 3630 May
1006 3579 1093 3623 10-12,

46 3635 145 3689 diceret,
154 3634 203 3694 Ep.
214 3633 425 3696 1.3n.—neque
435 3642 543 3690 tamen,
597 3645 629 3696 45
650 3645 700 3680 Be.
737 3631 852 3680 Cicero's
876 3647 975 3680 answer
997 3639 1025 3680 to
1045 3633 1093 3696 Ep.

47 3701 103 3745 and
122 3701 190 3761 aster
211 3700 251 3746 all
267 3736 273 3746 .
292 3736 298 3746 .
318 3735 323 3745 .
341 3701 470 3747 non-in
488 3713 545 3761 quo
598 3699 739 3746 LXXVII.
