2575 4200
48 287 127 334 Fam.
145 284 183 334 16.
198 285 249 351 21.]
397 286 564 335 CICERO’S
591 287 764 336 LETTERS.
1055 287 1101 336 261

46 456 173 517 dorum
191 474 322 536 semper
338 475 413 517 esse
430 454 527 517 volui.
579 455 745 536 Quoniam
764 455 865 535 igitur
889 463 960 517 tum
985 474 1026 517 ex
1049 475 1103 517 me
1120 480 1135 531 3

46 562 201 637 doluisti,
221 583 310 626 nunc
328 572 364 625 ut
382 560 570 644 duplicetur
592 572 687 626 tuum
711 583 750 626 ex
768 584 821 625 me
838 563 995 645 gaudium
1012 583 1103 645 prae-

46 671 162 734 stabo.
222 670 380 753 Cratippo
411 691 464 733 me
490 671 574 738 scito
601 692 670 734 non
696 680 733 734 ut
758 671 956 754 discipulum
981 672 1040 734 sed
1066 681 1102 734 ut

45 780 160 842 filium
192 798 267 843 esse
299 779 629 857 coniunctissimum;
661 800 737 842 nam
771 800 846 843 curn
879 779 976 842 audio
1009 778 1101 843 illum

46 888 210 962 libenter,
236 896 307 949 tum
340 887 440 950 etiam
472 888 638 970 propriam
670 888 742 951 eius
775 887 972 950 suavitatem
1005 888 1102 951 vehe-

44 1006 187 1057 menter
202 994 393 1077 amplector.
445 994 527 1058 Sum
552 1005 642 1059 totos
665 996 735 1059 dies
760 1016 836 1059 cum
861 1016 900 1059 eo
926 995 1101 1078 noctisque

44 1122 297 1185 saepenumero
313 1113 462 1185 partem3
485 1124 585 1167 exoro
603 1104 691 1166 enim
709 1114 745 1166 ut
769 1124 899 1167 mecum
916 1124 1014 1185 quam
1032 1125 1101 1167 sae-

44 1212 188 1294 pissime
221 1221 328 1275 cenet.
395 1212 470 1275 Hac
502 1199 694 1276 introducta
726 1212 969 1276 consuetudine
1001 1232 1101 1294 saepe

45 1320 273 1384 inscientibus
302 1320 399 1383 nobis
432 1329 465 1383 et
498 1320 698 1384 cenantibus
730 1321 870 1402 obrepit,
902 1321 1100 1403 sublataque

45 1429 234 1492 severitate
249 1428 477 1511 philosophiae
501 1429 740 1492 humanissime
765 1429 937 1492 nobiscum
962 1430 1098 1494 iocatur.

46 1539 170 1621 Quare
194 1537 236 1600 da
260 1533 393 1619 operam
418 1546 455 1600 ut
480 1537 569 1601 hunc
594 1537 705 1611 talem,
730 1547 795 1600 tarn
821 1538 1010 1612 iucundum,
1030 1548 1098 1601 tam

45 1646 275 1709 excellentem
300 1634 405 1708 virum
429 1646 542 1709 videas
567 1666 665 1728 quam
695 1645 846 1727 primum.
909 1646 994 1708 Nam
1021 1647 1132 1727 quidt

43 1776 115 1837 ego
146 1755 188 1818 de
217 1753 349 1818 Bruttio
377 1753 508 1816 dicam?
558 1753 669 1835 Quem
699 1752 789 1816 nullo
820 1764 970 1835 tempore
998 1775 1017 1817 a
1045 1775 1099 1818 me

44 1864 161 1946 patior
184 1862 366 1936 discedere,
393 1862 487 1925 cuius
515 1882 590 1925 cum
619 1862 709 1944 frugi
737 1882 919 1944 severaque
944 1872 995 1925 est
1019 1864 1097 1938 vita,

49 1983 129 2035 tum
159 1971 258 2034 etiarn
286 1970 526 2035 iucundissima
550 1970 735 2046 convicti03
767 1990 834 2032 non
859 1979 911 2033 est
936 1970 1024 2033 enim
1050 1992 1098 2034 se-

46 2082 189 2145 iunctus
202 2079 294 2143 iocus
310 2100 330 2142 a
346 2078 527 2160 philologia
540 2087 573 2141 et
588 2078 755 2142 cotidiana
767 2076 955 2158 συζητήσει.
1006 2080 1097 2145 Huic

45 2210 115 2271 ego
133 2188 241 2252 locum
266 2167 304 2251 in·
324 2188 473 2269 proximo
498 2188 641 2251 conduxi
658 2197 701 2262 et,
722 2197 757 2249 ut
784 2207 929 2269 possum,
949 2208 990 2249 ex
1014 2189 1097 2252 meis

45 2297 218 2380 angustiis
242 2297 329 2359 illius
354 2304 509 2359 sustento
533 2296 743 2358 tenuitatem.
794 2295 969 2358 Praeterea
991 2296 1130 2364 decla-5

43 2406 169 2468 mitare
194 2405 321 2468 Graece
345 2405 432 2492 apud
459 2403 611 2467 Cassium
636 2403 789 2479 institui;
831 2404 952 2466 Latine
983 2413 1096 2467 autem

43 2514 138 2596 apud
169 2514 336 2576 Bruttium
369 2505 522 2576 exerceri⁴
544 2511 627 2574 volo
694 2512 780 2574 Vtor
812 2511 1030 2575 familiaribus
1063 2523 1095 2575 et

43 2621 225 2686 cotidianis
245 2621 502 2695 convictoribus,
521 2640 604 2701 quos
629 2640 742 2684 secum
770 2620 942 2703 Mytilenis
968 2620 1096 2702 Cratip-

43 2752 113 2814 pus
134 2731 280 2803 adduxit,
304 2730 494 2792 hominibus
520 2739 553 2791 et
579 2729 687 2791 doctis
712 2738 745 2790 et
771 2728 816 2790 illi
841 2729 1093 2808 probatissimis.

82 2919 106 2970 3.
125 2902 547 2968 utduplicetur:fortheclassi-
631 2917 654 2961 4.
676 2902 807 2950 Bruttio:
838 2917 882 2950 see
902 2915 914 2966 5
934 2905 1095 2954 n-nullo

44 2973 87 3021 cal
107 2987 160 3020 acc.
179 2971 231 3019 and
247 2971 318 3018 infin.
331 2970 398 3019 after
413 2977 547 3031 praestare
598 2976 746 3031 tempore:
766 2969 806 3016 tor
824 2985 965 3032 numquam
973 2986 984 3027 ;
1003 2971 1034 3017 cf.
1050 2972 1095 3019 hac

46 3039 94 3101 (cf.
108 3038 163 3086 Cic.
182 3039 252 3085 Tusc.
271 3039 345 3098 Disp.
366 3050 387 3102 5.
403 3036 454 3098 29).
489 3036 546 3084 The
597 3035 792 3096 lacoforhic‚7;
810 3036 1093 3098 hactempareforiam,

43 3120 121 3155 same
133 3104 312 3153 construction
324 3103 347 3151 is
360 3103 422 3151 used
436 3103 470 3167 by
480 3104 547 3150 Mar·
598 3103 650 3149 Aa.
663 3101 686 3150 8.
702 3116 730 3149 12
744 3114 768 3150 c.
782 3115 803 3166 3.
841 3102 909 3150 Such
924 3103 1093 3165 periphrastic

43 3172 138 3228 cellus,
160 3172 233 3219 Fam.
251 3184 274 3230 4.
296 3183 333 3216 11.
360 3184 381 3216 2.
418 3169 546 3232 Similarly

42 3240 93 3286 the
103 3237 224 3300 negative
230 3237 298 3284 form
306 3236 335 3283 ot
347 3235 546 3298 thedependent

43 3307 136 3352 clause
148 3303 357 3364 afterpraeslare
372 3302 395 3350 is
407 3300 546 3364 expressed

44 3373 81 3434 by
94 3386 127 3417 ne
138 3369 199 3417 with
212 3369 257 3418 the
274 3368 342 3432 subj.
354 3370 381 3416 in
399 3368 444 3417 the
455 3370 545 3416 letters

44 3438 76 3484 of
87 3437 202 3485 Cicero‘s
211 3436 263 3484 less
273 3435 369 3484 caretul
378 3434 545 3497 correspond-

45 3512 125 3562 ents;
143 3502 175 3551 cf.
194 3503 264 3551 Cael.
284 3503 357 3549 Fam.
369 3501 392 3549 8.
409 3516 445 3549 10.
460 3514 491 3566 5;
510 3502 543 3548 D.

46 3573 121 3619 Brut.
130 3570 177 3633 Ep.
188 3568 301 3617 XCVII.
317 3582 340 3626 13
349 3568 378 3616 C.
388 3567 461 3616 Cass.
471 3569 543 3615 Fam.

49 3652 89 3684 12.
116 3651 153 3700 13.
177 3635 407 3697 4.—Cratippo:
437 3649 452 3681 a
481 3635 544 3682 cele·

46 3703 140 3751 brated
152 3701 313 3764 Peripatetic,
321 3701 373 3748 and
382 3716 469 3764 young
478 3702 543 3748 Mar·

46 3769 118 3819 cus’s
126 3768 249 3831 principal
260 3769 399 3816 instructor
410 3767 436 3814 in
448 3767 543 3829 philos-

47 3838 121 3901 ophy
133 3836 176 3901 (cf.
188 3838 218 3882 de
232 3835 281 3896 Off.
297 3848 316 3881 1.
332 3836 363 3896 1).

597 3168 762 3230 expressions
770 3183 813 3216 are
821 3184 942 3216 common
951 3169 976 3216 in
987 3171 1093 3219 Plautus

597 3235 649 3282 and
665 3237 787 3284 Terence.
798 3236 870 3283 -in
883 3236 1031 3298 proximo:
1052 3237 1093 3284 for

597 3301 642 3349 the
666 3285 761 3365 phras⁸e
785 3301 817 3350 cf.
842 3303 900 3350 Ter.
925 3304 1018 3350 Heaut.
1044 3315 1092 3368 54;

598 3369 658 3415 Hec.
682 3383 820 3432 34r.—ex
839 3369 912 3417 meis
934 3370 1091 3432 angustiis:

596 3450 612 3481 a
634 3435 750 3497 pathetic
772 3435 829 3483 hint
853 3443 879 3482 at
902 3450 936 3483 an
959 3436 1093 3486 increased

595 3502 743 3549 allowance.
777 3502 835 3550 The
847 3503 949 3551 income
961 3502 990 3550 of
1004 3519 1093 3567 young

597 3569 702 3616 Marcus
715 3583 766 3616 was
782 3568 816 3632 by
829 3584 864 3616 no
881 3584 971 3618 means
986 3585 1003 3617 a
1016 3571 1091 3618 small

595 3648 652 3682 one.
689 3634 730 3681 cf.
743 3635 789 3698 Ep.
804 3635 929 3683 LXXIV.
941 3650 954 3683 2
958 3639 1092 3698 praestabo

595 3718 638 3748 nec
651 3702 782 3758 Bibulum,
795 3708 843 3750 etc.

630 3781 650 3831 5.
672 3768 816 3826 Cassium,
828 3768 976 3819 Bruttium
988 3787 993 3816 ε
1007 3772 1091 3820 teuch-

594 3834 1092 3891 ersolelocuti0n‚notmentiouedelse·
