2575 4200
202 253 253 303 288
542 255 713 305 CICERO'S
737 255 911 305 LETTERS.
1145 255 1212 320 [Ep.
1225 255 1250 302 C.
1281 262 1282 287 ³

202 421 373 503 plissimus
407 407 471 497 est,
500 423 659 486 firmitate
693 410 834 505 exiguus
841 444 849 499 ;
881 432 1045 505 quantum
1073 432 1190 486 autem
1221 422 1250 483 in

202 531 272 594 acie
289 530 390 593 tironi
417 532 460 594 sit
491 520 770 594 committendum
797 531 936 593 nimium
954 551 1055 612 saepe
1076 540 1251 612 expertum

168 639 372 702 thabemus.
424 639 479 700 Ad
512 640 576 702 hoc
601 639 703 701 robur
727 648 917 701 nostrorum
948 638 1157 701 exercituum
1183 639 1252 700 sive

202 747 385 811 Africanus
411 747 588 822 exercitus,
615 747 671 829 qui
698 756 748 809 est
782 757 972 822 veteranus,
999 747 1070 809 sive
1096 746 1250 809 Caesaris

201 857 409 931 accessisset,
445 876 551 937 aequo
586 855 699 918 animo
724 875 887 918 summam
909 874 977 917 rem
1012 875 1042 936 p.
1077 855 1112 917 in
1137 854 1251 918 discri-

202 985 279 1027 men
316 965 568 1028 deduceremus.
619 963 805 1045 Aliquanto
837 971 950 1026 autem
988 963 1124 1044 propius
1165 983 1249 1037 esse,

202 1074 289 1155 quod
321 1074 362 1136 ad
389 1072 567 1137 Caesarem
598 1072 730 1147 attinet,
757 1071 962 1134 videbamus.
1014 1070 1108 1132 Nihil
1133 1072 1251 1133 destiti
1282 1140 1283 1149 ἢ

201 1201 276 1244 eum
310 1181 431 1245 litteris
460 1180 597 1256 hortari,
628 1201 738 1263 neque
775 1180 829 1243 ille
861 1178 1041 1241 intermisit
1073 1179 1251 1241 adfirmare
1282 1162 1283 1197 ἶ

202 1310 239 1353 se
270 1290 342 1353 sine
381 1310 473 1353 mora
512 1290 636 1364 venire,
671 1310 747 1352 cum
789 1288 924 1351 interim
959 1307 1113 1351 aversum
1159 1288 1249 1349 illum

201 1398 243 1460 ab
277 1399 339 1461 hac
374 1398 580 1480 cogitatione
612 1399 654 1459 ad
689 1396 754 1460 alia
790 1396 929 1460 consilia
965 1396 1062 1459 video
1102 1416 1141 1458 se
1177 1417 1251 1458 con·
1282 1452 1283 1457 ,

201 1506 329 1570 tulisse.
381 1507 455 1587 Ego
487 1515 601 1568 tamen
634 1507 676 1568 ad
701 1526 778 1569 eum
805 1505 967 1569 Furnium
993 1514 1149 1567 nostrum
1175 1526 1249 1567 cum

203 1614 368 1677 mandatis
386 1614 575 1696 litterisque
592 1614 677 1689 misi,
699 1615 726 1677 si
742 1614 821 1697 quid
838 1615 927 1678 forte
943 1616 1105 1697 prolicere
1121 1626 1248 1696 posset.

170 1722 277 1787 SScis
303 1732 350 1797 tu,
369 1722 414 1785 mi
435 1722 562 1798 Cicero,
582 1723 672 1805 quod
697 1723 738 1785 ad
763 1722 916 1786 Caesaris
941 1743 1087 1785 amorem
1112 1725 1248 1797 attinet,

202 1830 398 1893 societatem
422 1830 506 1892 mihi
528 1823 747 1906 essetecum,
772 1830 825 1894 vel
850 1832 938 1914 quod
963 1832 996 1894 in
1021 1832 1251 1894 familiaritate

202 1937 356 2001 Caesaris
381 1938 456 2001 vivo
478 1939 533 2001 illo
562 1938 627 2001 iam
650 1939 737 2001 tueri
762 1959 839 2001 eum
863 1948 896 2002 et
919 1940 1059 2022 diligere
1077 1940 1144 2002 fuit
1168 1940 1250 2001 mihi

202 2066 349 2121 necesse,
368 2046 421 2110 vel
438 2047 526 2129 quod
549 2046 629 2130 ipse,
649 2048 759 2130 quoad
776 2067 839 2130 ego
858 2068 958 2111 nosse
975 2048 1078 2130 potui,
1098 2050 1248 2111 modera-

113 2221 117 2229 ,
201 2155 322 2218 tissimi
338 2166 439 2237 atque
456 2155 689 2218 humanissimi
712 2155 778 2218 fuit
796 2177 926 2232 sensuS,
944 2157 997 2219 vel
1014 2158 1102 2238 quod
1122 2177 1162 2219 ex
1181 2168 1249 2218 tam

202 2264 325 2345 insigni
349 2263 496 2326 amicitia
520 2283 595 2326 mea
618 2273 719 2346 atque
745 2263 897 2327 Caesaris
922 2265 1011 2327 hunc
1036 2265 1082 2327 fili
1106 2265 1183 2326 loco
1218 2275 1249 2326 et

200 2414 233 2463 cf.
259 2414 320 2462 Sall.
347 2416 401 2463 Cat.
429 2427 466 2474 14.
490 2427 516 2476 3;
554 2427 591 2478 51.
616 2426 699 2478 25-
743 2422 852 2462 warrant
877 2429 893 2463 a
916 2415 1016 2463 textual
1046 2415 1147 2476 change
1177 2415 1204 2461 in
1234 2430 1249 2460 a

200 2481 322 2530 nimium
344 2494 453 2543 saepe:
473 2481 499 2527 in
521 2481 565 2528 the
584 2496 636 2530 war
657 2480 698 2528 be·
741 2481 817 2529 letter
844 2481 913 2528 from
940 2481 1058 2529 Plancus.
1101 2482 1151 2529 See
1184 2482 1247 2528 Crit.

200 2554 283 2596 tween
308 2548 405 2595 Caesar
428 2546 480 2594 and
506 2547 628 2610 Pompey,
654 2548 697 2594 the
742 2547 1027 2610 Append—venire:
1065 2547 1110 2596 the
1139 2559 1246 2610 present

126 2633 129 2640 ·
203 2615 343 2676 Pompeian
355 2613 440 2661 forces
453 2628 519 2660 were
534 2613 611 2660 made
624 2629 659 2675 up
672 2622 698 2661 to
743 2623 771 2661 to
789 2614 902 2662 indicate
921 2614 977 2662 that
995 2613 1030 2662 he
1047 2614 1099 2662 will
1116 2615 1203 2662 arrive
1221 2616 1244 2661 in

201 2695 216 2727 a
236 2689 308 2742 great
327 2688 416 2728 extent
436 2679 465 2727 oi
488 2680 603 2734 recruits,
623 2679 699 2727 while
744 2680 788 2728 the
801 2680 952 2728 immediate
963 2681 1059 2729 future.
1085 2681 1150 2729 This
1165 2696 1245 2742 usage

144 2773 147 2781 ·
201 2747 245 2795 the
274 2746 414 2794 Caesarian
439 2755 530 2807 troops
556 2746 608 2793 had
632 2746 699 2794 been
744 2746 765 2794 is
794 2746 878 2795 found
908 2747 1004 2811 mainly
1033 2747 1095 2795 with
1120 2748 1166 2794 the
1192 2749 1244 2795 first

159 2841 162 2845 ·
199 2811 329 2861 seasoned
352 2812 386 2877 by
403 2811 554 2875 campaigns
577 2812 603 2859 in
622 2813 699 2861 Gaul.
743 2828 846 2875 person,
860 2812 911 2860 and
927 2813 989 2862 with
1008 2814 1052 2862 the
1073 2813 1143 2862 infin.
1157 2815 1186 2862 in
1204 2815 1245 2861 the

201 2879 242 2928 ct.
264 2880 312 2942 Ep.
337 2879 435 2927 XLIV.
454 2893 484 2938 23
510 2881 561 2926 Ata
586 2893 608 2938 7.
631 2892 660 2942 13
674 2891 699 2926 A.
743 2886 807 2927 orat.
832 2881 877 2927 obl.
912 2881 1091 2942 representing
1114 2881 1160 2928 the
1193 2881 1246 2928 first

145 2973 148 2981 ·
201 2961 223 3002 2,
242 2946 298 2994 also
323 2946 398 2993 Caes.
427 2946 459 2992 B.
485 2947 513 2994 C.
538 2959 559 3008 3.
579 2960 700 3004 4.-ex·
743 2961 838 3008 person
849 2945 1101 3009 (Andresen).—ad
1111 2947 1170 2995 alia
1179 2961 1246 2996 con-

200 3020 313 3075 pertum
326 3012 539 3061 habemuszlor
550 3014 650 3074 experti
661 3029 701 3060 su·
744 3012 826 3061 silia:
858 3015 896 3061 i.e.
915 3013 955 3061 his
975 3013 1118 3077 candidacy
1141 3014 1187 3060 for
1205 3014 1246 3060 the

199 3078 319 3136 mus;cf.
334 3080 396 3126 Intr.
409 3078 442 3139 84
454 3081 478 3126 d.
744 3079 902 3143 consulship.
947 3079 989 3127 Ci.
1016 3081 1077 3128 Intr.
1108 3094 1139 3138 42
1169 3080 1246 3140 (end).

233 3162 256 3206 4.
284 3145 440 3194 Africanus
464 3145 624 3194 exercitus:
650 3153 701 3192 two
744 3174 776 3181 —
791 3147 931 3195 Furnium
955 3154 1112 3196 nostrum:
1143 3146 1179 3194 cf.
1202 3147 1246 3209 Ep.

199 3212 299 3273 legions
313 3212 395 3260 under
413 3212 456 3259 the
469 3212 606 3259 command
620 3211 649 3258 of
668 3212 700 3272 Q.
745 3213 859 3260 XLVII.
873 3229 896 3260 n.
993 3268 1001 3284 '

200 3278 364 3334 Cornificius,
377 3293 507 3341 governor
518 3278 547 3325 of
563 3278 702 3326 Africa-
779 3291 801 3342 5.
820 3280 859 3326 mi
878 3278 991 3327 Cicero:
1011 3278 1043 3327 cf.
1057 3281 1096 3326 mi
1112 3280 1246 3341 Pomponi,

199 3346 327 3407 propius,
346 3352 406 3392 etc:
436 3346 474 3391 i.e.
499 3344 572 3391 ‘that
596 3359 700 3392 success
745 3345 792 3407 Ep.
825 3347 858 3392 X.
888 3361 913 3392 n.
933 3373 966 3380 —-
985 3344 1014 3393 in
1049 3345 1246 3394 familiaritate

199 3427 251 3459 was
264 3412 345 3459 easier
358 3411 386 3458 of
397 3411 629 3472 accomplishment
644 3410 700 3474 (lit,
746 3411 899 3460 Caesaris:
933 3411 965 3459 cl.
994 3414 1023 3459 in
1053 3414 1170 3468 victoria,
1203 3415 1246 3474 Ep.

199 3479 300 3540 nearer)
310 3477 371 3526 with
382 3477 503 3525 Caesar's
513 3486 622 3539 support
635 3477 699 3524 than
745 3478 832 3525 XCII.
847 3492 860 3525 2
874 3494 899 3525 n.
930 3478 986 3526 The
995 3478 1159 3527 referenceis
1171 3487 1199 3526 to
1210 3480 1247 3538 Ju-

199 3544 260 3591 with
285 3544 343 3591 that
363 3543 392 3590 ol
415 3544 459 3591 the
478 3543 588 3590 African
612 3545 700 3607 army.’
743 3544 792 3592 lius
803 3545 978 3600 Caesarhere,
987 3553 1015 3592 to
1025 3545 1155 3593 Octavius
1166 3545 1247 3593 above

200 3609 257 3656 The
280 3610 374 3672 phrase
397 3609 474 3672 quod
499 3643 506 3656 .
531 3643 538 3656 .
564 3644 570 3656 .
595 3610 700 3657 attinet
744 3610 792 3674 (ad
807 3611 942 3659 Caesaris
952 3611 1246 3674 amorem).-quoad

199 3690 284 3722 seems
302 3691 362 3738 very
380 3674 517 3729 awkward,
536 3675 583 3722 but
605 3676 628 3723 is
646 3692 700 3738 per·
744 3711 750 3723 .
770 3711 777 3724 .
797 3711 803 3724 .
822 3678 918 3740 potui:
938 3678 1049 3726 Plancus
1065 3692 1114 3726 can
1133 3680 1247 3742 scarcely

200 3739 265 3802 haps
279 3749 324 3787 not
343 3741 536 3802 objectionable
555 3742 658 3805 enough
672 3750 699 3790 to
743 3742 809 3792 have
821 3743 919 3792 known
937 3744 981 3792 the
999 3744 1247 3809 niueteen-year-old
