2575 4200
18 260 113 306 Fam.
126 256 148 307 6.
164 256 215 321 ι4.]
384 256 551 307 CICERO'S
576 258 749 305 LETTERS.
966 265 969 272 ’
1040 254 1090 308 207

18 446 173 506 semper
190 424 333 487 maxime
351 424 460 499 dilexi,
475 434 547 486 tum
564 424 868 517 fratrumtuorum,
883 446 966 508 quos
984 446 1089 508 aeque

18 544 141 615 atque
158 542 193 595 te
211 553 341 594 summa
364 532 598 595 benevolentia
623 553 697 595 sum
724 532 927 614 complexus,
947 534 1089 615 singula-

22 642 77 703 ris
106 640 216 723 pietas
242 660 399 721 amorque
424 640 594 703 fraternus
621 640 748 703 nullum
774 661 828 702 me
852 642 978 721 patitur
1001 642 1089 705 offici

21 770 119 830 erga
145 757 180 811 te
210 748 366 829 studique
396 769 517 810 munus
551 758 608 810 aut
642 757 777 829 tempus
810 750 1085 830 praetermittere.

26 858 107 920 Sed
127 876 212 939 quae
229 856 349 918 faciam
367 856 572 938 fecerimque
591 866 711 938 prote,
731 877 771 918 ex
789 857 919 919 illorum
943 866 977 919 te
1002 858 1089 921 litte-

24 966 76 1026 ris
99 985 202 1045 quam
220 984 261 1027 ex
277 964 361 1026 meis
379 964 465 1026 malo
483 984 708 1047 cognoscere;
730 964 809 1047 quid
826 974 939 1027 autem
957 986 1087 1047 sperem

26 1082 92 1134 aut
120 1072 284 1134 confidam
311 1080 344 1134 et
370 1072 578 1153 exploratum
604 1071 743 1135 habeam
760 1066 811 1135 'de
836 1073 944 1136 salute
968 1083 1035 1149 tua,
1054 1075 1087 1137 id

26 1181 97 1242 tibi
118 1200 207 1243 ame
225 1180 385 1243 declarari
402 1180 487 1244 volo.
537 1180 624 1242 Nam
643 1181 672 1242 si
689 1180 864 1263 quisquam
882 1190 933 1243 est
951 1182 1088 1245 timidus

28 1289 66 1349 in
95 1288 229 1369 magnis
259 1288 523 1370 periculosisque
553 1289 654 1351 rebus
680 1309 878 1371 semperque
903 1291 1009 1371 magis
1035 1292 1087 1353 ad-

28 1416 154 1459 versos
176 1385 287 1459 rerum
312 1396 421 1459 exitus
447 1406 603 1459 metuens
621 1417 720 1479 quam
746 1416 885 1478 sperans
910 1399 1085 1474 secundos

31 1504 62 1567 is
82 1525 149 1586 ego
167 1526 240 1567 sum
265 1513 308 1579 et,
325 1504 352 1566 si
377 1504 440 1567 hoc
457 1504 619 1579 vitiumst,
639 1525 679 1567 eo
704 1525 758 1568 me
783 1526 850 1567 non
875 1526 988 1569 carere
1012 1528 1088 1570 con-

35 1614 146 1674 liteor.
204 1614 279 1694 Ego
305 1612 392 1675 idem
417 1622 541 1688 tamen,
564 1634 640 1676 cum
665 1632 693 1676 a.
712 1613 743 1677 d.
762 1632 785 1675 v
801 1614 845 1676 K.
872 1613 1087 1678 intercalares
1106 1647 1120 1680 2

34 1721 167 1800 priores
204 1729 325 1801 rogatu
360 1720 501 1783 fratrum
536 1730 671 1783 tuorum
703 1721 872 1784 venissem
911 1743 1011 1785 mane
1046 1724 1087 1786 ad

39 1828 219 1891 Caesarem
243 1838 344 1911 atque
370 1849 503 1891 omnem
528 1830 674 1892 adeundi
698 1838 731 1892 et
757 1829 978 1893 conveniendi
999 1831 1087 1894 illius

38 1936 277 2018 indignitatem
295 1945 328 1999 et
349 1936 537 1999 molestiam
563 1937 787 2018 pertulissem,
807 1958 882 2000 cum
907 1938 1028 2001 fratres
1053 1949 1086 2001 et

39 2044 218 2128 propinqui
235 2044 286 2107 tui
303 2044 450 2108 iacerent
467 2045 509 2108 ad
534 2046 636 2126 pedes
662 2054 696 2108 et
721 2066 784 2128 ego
810 2066 918 2109 essem
943 2046 1085 2123 locutus,

39 2173 124 2233 quae
146 2174 256 2228 causa,
276 2174 361 2236 quae
385 2162 480 2216 tuum
506 2163 640 2235 tempus
666 2154 867 2236 postulabat,
886 2176 953 2217 non
976 2156 1086 2219 'solum

41 2262 247 2324 exoratione
269 2261 431 2337 Caesaris,
451 2282 536 2344 quae
558 2282 639 2324 sane
664 2262 773 2325 mollis
796 2273 830 2325 et
847 2262 993 2326 liberalis
1009 2263 1084 2339 fuit,

74 2443 94 2475 1.
124 2429 305 2493 exploratum
329 2431 473 2479 habeam:
505 2427 537 2478 cf.
584 2429 722 2492 pm'arand
734 2433 829 2478 encnsis
839 2433 1001 2478 intercalaris
1006 2440 1086 2494 postc-

41 2497 174 2544 sollicitum
188 2497 287 2552 liabent,
301 2497 349 2558 Ep.
363 2497 407 2542 LI.
423 2511 433 2542 1
449 2512 473 2544 n.
486 2495 538 2544 and
590 2498 653 2545 rior.
683 2496 1086 2560 Cf.Zeitrcclmungd.Grieclzcn

43 2560 104 2608 lntr.
116 2562 150 2622 84
162 2565 186 2610 d.
589 2579 614 2610 u.
625 2565 720 2610 lecr
728 2563 763 2627 by
772 2579 823 2611 von
835 2565 925 2624 Unger
933 2564 959 2611 in
971 2565 1086 2613 Miiller’s

74 2642 94 2674 2.
114 2644 141 2677 a.
159 2630 187 2677 d.
205 2645 233 2678 ν.
257 2629 302 2688 K,
323 2638 386 2680 etc:
410 2631 448 2678 ie.
467 2630 537 2677 Nov.

44 2693 72 2741 26
95 2695 178 2743 under
206 2696 252 2744 the
283 2695 326 2743 old
356 2695 484 2752 calendar,
508 2711 538 2743 or

44 2759 109 2823 Sept.
136 2777 167 2826 23
192 2761 276 2810 under
299 2763 344 2811 the
368 2778 432 2810 new.
480 2763 537 2810 The

45 2825 143 2876 Roman
158 2827 281 2876 calendar
292 2844 344 2877 was
363 2844 393 2877 so
410 2829 451 2876 far
467 2828 537 2876 from

43 2895 137 2944 correct
156 2903 183 2943 at
202 2895 254 2944 this
273 2896 342 2952 time,
359 2895 416 2943 that
437 2897 493 2955 Jan.
515 2908 535 2951 1,

45 2958 73 3014 46
94 2973 153 3018 sc„
177 2976 252 3009 came
274 2961 301 3009 in
325 2961 369 3010 the
393 2961 489 3010 middle
509 2961 538 3008 of

45 3023 83 3072 the
121 3036 241 3076 autumn.
296 3028 361 3077 This
401 3036 469 3078 state
509 3027 538 3075 oi

45 3089 124 3155 things
139 3094 239 3142 Caesar
251 3093 383 3143 remedied
400 3093 434 3158 by
446 3095 490 3142 the
501 3093 537 3141 in·

46 3160 135 3208 sertion
154 3161 183 3208 of
201 3175 235 3224 90
247 3169 320 3209 extra
337 3160 400 3226 days
417 3161 474 3209 into
492 3161 537 3209 the

47 3236 99 3284 year
119 3226 155 3288 46
177 3239 226 3275 lac.
263 3228 320 3276 The
344 3243 404 3292 year
426 3228 459 3288 46
478 3243 537 3276 con·

47 3290 131 3351 tained,
146 3293 287 3350 therefore,
300 3307 348 3358 445
362 3293 432 3359 days.
459 3294 537 3341 After

49 3354 85 3404 the
100 3361 259 3408 Terminalia
269 3359 343 3422 (Feb.
355 3365 405 3424 23),
416 3376 448 3409 an
461 3361 537 3408 inter-

48 3423 121 3490 calary
139 3427 234 3475 month
252 3426 282 3474 of
301 3441 333 3490 23
351 3426 414 3492 days
432 3443 484 3476 was
501 3427 536 3474 in-

48 3492 129 3550 serted,
137 3492 192 3542 and
199 3493 317 3541 between
326 3493 477 3542 November
484 3493 536 3541 and

51 3552 184 3608 December
196 3567 249 3607 two
262 3559 417 3624 intercalary
428 3561 535 3608 months

50 3633 104 3671 were
114 3625 229 3675 inserted
247 3626 399 3687 containing
417 3626 536 3688 together

50 3684 74 3744 67
86 3689 149 3755 days.
187 3693 276 3740 These
292 3692 397 3740 months
410 3708 475 3741 were
488 3692 536 3740 dis·

52 3751 184 3816 tinguished
206 3774 236 3806 as
255 3760 350 3806 mensis
373 3761 535 3807 intercalaris

589 2630 744 2686 Handbuch,
769 2631 789 2676 Ι.
810 2629 860 2678 816
876 2629 1030 2679 f.-mane
1050 2632 1086 2680 ad

590 2696 764 2744 Caesarem:
783 2696 815 2744 cf.
834 2699 887 2744 Ati.
909 2710 945 2756 14.
961 2711 981 2744 1.
996 2711 1009 2744 2
1027 2715 1084 2745 cum

589 2763 657 2810 Sesti
667 2770 757 2825 rogatu
769 2764 840 2824 apud
853 2779 910 2810 eum
921 2765 1032 2826 fuissem
1046 2781 1086 2812 cx-

589 2835 773 2892 spcctaremque
784 2831 871 2877 sedens
881 2831 967 2893 quoad
975 2846 1085 2889 vocarer,

588 2896 684 2943 dixisse
706 2911 782 2943 cum:
803 2897 874 2958 ‘Ego
892 2897 1000 2944 dubitem
1022 2900 1086 2961 quin

588 2978 688 3009 summa
700 2963 730 3008 in
742 2963 797 3009 odia
808 2964 865 3019 sim,
877 2979 934 3010 cum
946 2965 986 3011 M.
1002 2965 1086 3012 Cicero

588 3030 673 3077 sedeat
686 3045 729 3077 nec
742 3045 787 3076 sua
804 3031 930 3078 commodo
947 3047 986 3079 mc
1003 3047 1086 3079 canac-

589 3095 767 3156 ne'repossitl’
797 3096 884 3144 These
898 3104 949 3144 two
961 3112 1084 3158 passages

588 3160 701 3210 indicate
714 3177 730 3209 a
741 3170 810 3210 most
823 3163 968 3225 significant
986 3163 1084 3224 change

589 3228 614 3275 in
625 3228 669 3276 the
680 3227 725 3275 old
738 3229 841 3277 Roman
854 3231 979 3276 salutatio.
999 3229 1084 3277 There

588 3293 610 3343 is
622 3310 681 3342 now
689 3311 739 3343 one
745 3302 874 3356 patrenus
880 3303 934 3361 par
942 3297 1083 3352 excellence,

588 3361 635 3409 viz.
656 3361 761 3418 Caesar,
780 3361 831 3408 and
849 3362 883 3409 all
908 3363 1024 3409 Romans
1041 3377 1084 3409 are

588 3427 628 3476 his
641 3429 748 3484 clientes,
761 3428 827 3484 who,
837 3428 953 3476 whether
964 3427 1084 3490 plebeian

588 3509 618 3541 or
630 3494 773 3551 aristocrat‚
785 3502 855 3542 must
868 3494 927 3542 wait
940 3494 1007 3542 their
1024 3502 1084 3542 turn

587 3560 614 3607 in
638 3560 679 3608 his
696 3560 881 3608 antecharnber
905 3561 1083 3624 (exspectarem

587 3626 692 3688 sedens),
717 3626 768 3674 and
795 3626 857 3674 seek
880 3626 968 3674 favors
993 3635 1019 3674 at
1043 3627 1084 3675 his

587 3691 671 3740 hands
689 3690 723 3756 by
736 3693 779 3740 the
792 3700 862 3740 most
874 3692 959 3754 abject
972 3693 1044 3754 signs
1056 3693 1085 3741 oi

587 3757 746 3807 submission
763 3760 899 3824 (iacerent
917 3760 953 3807 ad
971 3760 1083 3822 pedes).
