2575 4200
59 274 122 319 Fam.
136 288 170 332 14.
183 272 217 337 a]

386 273 553 322 CICERO’S
579 274 754 323 LETTERS.
946 323 949 328 ,
1061 269 1093 323 57

58 439 147 521 idque
162 440 232 503 fieri
248 461 324 503 mea
343 440 450 523 culpa,
469 440 526 524 qui
552 450 682 503 ceteros
708 441 837 504 servavi
862 450 898 503 ut
924 461 985 503 nos
1010 440 1093 522 peri-

58 550 171 611 remus!
220 549 321 631 Quod
345 550 386 611 de
411 550 511 612 domo
536 549 665 624 scribis,
685 550 748 612 hoc
773 558 825 612 est
850 550 892 612 de
916 570 1001 624 area,
1029 569 1091 631 ego
1111 569 1125 619 3

58 676 127 718 vero
142 666 210 719 tum
227 658 373 739 denique
393 657 474 719 mihi
492 658 630 720 videbor
655 636 842 732 restitutus
862 658 890 720 si
916 658 971 721 illa
995 658 1092 722 nobis

58 764 113 827 erit
129 766 290 829 restituta.
340 766 467 828 Verum
485 766 566 829 haec
587 786 655 828 non
676 775 755 829 sunt
781 766 814 828 in
840 776 955 829 nostra
978 787 1089 829 manu.

60 872 136 935 lllud
151 874 255 948 doleo,
273 894 359 956 quae
376 874 529 955 impensa
544 873 742 949 faciendast,
762 874 885 937 ineius
910 884 1038 956 partem
1056 884 1091 937 te

59 981 200 1043 miseram
233 991 267 1044 et
296 982 516 1064 despoliatam
545 982 670 1046 venire.
732 982 831 1065 Quod
861 983 888 1044 si
917 982 1091 1045 conficitur

60 1089 227 1170 negotium,
246 1090 359 1152 omnia
375 1110 635 1171 consequemur;
660 1089 711 1152 sin
729 1091 845 1152 eadem
870 1110 931 1152 nos
956 1090 1091 1152 fortuna

59 1207 184 1276 premet,
203 1198 349 1260 etiamne
366 1197 522 1279 reliquias
540 1206 616 1261 tuas
634 1198 755 1260 misera
771 1198 937 1279 proicies?
986 1198 1091 1261 Obse-

60 1324 107 1366 cro
129 1314 170 1380 te,
188 1326 263 1368 mea
287 1306 365 1379 vita,
385 1306 472 1388 quod
498 1307 539 1369 ad
564 1316 735 1387 sumptum
753 1306 892 1380 attinet,
912 1306 984 1369 sine
1008 1306 1090 1368 alios

60 1413 107 1492 qui
127 1423 275 1495 possunt,
295 1414 446 1477 si'modo
471 1414 598 1487 volunt,
618 1414 794 1489 sustinere,
814 1396 1089 1477 et'valetudinem

61 1518 145 1583 istam
170 1522 345 1596 infirmam,
372 1522 399 1584 si
426 1543 480 1584 me
508 1543 608 1596 amas,
640 1522 708 1584 noli
736 1542 871 1598 vexare;
904 1543 980 1583 nam
1010 1522 1091 1584 mihi

62 1638 126 1691 ante
148 1631 261 1693 oculos
287 1630 358 1693 dies
383 1639 568 1713 noctesque
584 1630 743 1706 versaris;
768 1630 877 1692 omnis
902 1630 1032 1692 labores
1057 1641 1091 1692 te

62 1738 197 1819 excipere
221 1739 334 1814 video;
362 1738 465 1801 timeo
490 1748 527 1801 ut
556 1738 733 1801 sustineas,
785 1738 852 1801 Sed
877 1738 973 1800 video
998 1738 1032 1800 in
1058 1748 1091 1800 te

62 1863 124 1907 esse
146 1848 265 1909 omnia.
317 1846 438 1928 Quare,
467 1858 503 1909 ut
529 1847 561 1908 id
594 1847 683 1929 quod
708 1867 823 1928 speras
848 1856 881 1909 et
907 1847 995 1928 quod
1019 1847 1091 1928 agis

63 1972 299 2037 consequamur,
318 1956 406 2017 servi
430 1955 623 2018 valetudini.
676 1956 750 2037 Ego
774 1956 816 2018 ad
840 1976 923 2037 quos
949 1955 1125 2026 scribam4

63 2113 349 2172 tenesmon-iacere,
362 2120 422 2162 etc:
443 2113 475 2161 cf.
495 2113 542 2176 Ep.

65 2177 116 2226 XII.
127 2182 226 2244 3e0dem
237 2182 266 2228 in
276 2183 327 2228 loco
339 2182 410 2236 iaceo,
419 2188 468 2227 etc.
487 2180 544 2228 The

64 2243 545 2304 infinitivesvexari,etc.,areexclama-

64 2315 209 2376 tom-qui
221 2321 345 2371 ceteros,
354 2321 413 2360 etc:
432 2312 476 2361 the
489 2328 545 2360 exe-

64 2379 137 2426 cution
148 2381 176 2428 of
192 2381 318 2428 Lentulus
331 2378 382 2426 and
398 2379 438 2427 his
450 2379 545 2427 fellow-

64 2446 229 2508 conspirators,
241 2447 275 2512 by
288 2445 371 2494 which
385 2446 478 2494 Cicero
492 2445 544 2494 had

64 2512 128 2559 saved
147 2513 247 2560 Roman
267 2512 372 2561 citizens
390 2512 460 2560 from
478 2526 544 2560 mur·

64 2573 100 2623 der
112 2579 160 2626 and
171 2595 256 2637 arson,
267 2594 319 2627 was
333 2579 377 2627 the
389 2586 490 2641 pretext
502 2578 544 2626 for

65 2641 97 2690 his
106 2645 273 2695 banishment.

92 2725 108 2772 3.
130 2713 162 2760 de
185 2714 287 2761 domo:
317 2711 349 2760 cf.
375 2711 439 2760 Intr.
466 2711 545 2760 16.-

65 2773 120 2825 illud
128 2779 216 2838 doleo,
227 2788 287 2827 etc:
306 2793 322 2826 a
334 2794 454 2827 common
468 2779 544 2826 Latin

65 2840 140 2903 idiom;
162 2845 195 2894 cf.
213 2847 266 2894 Att.
287 2859 308 2892 2.
328 2859 391 2904 241
411 2861 475 2908 quas
489 2847 544 2892 Nu·

65 2912 136 2957 mertia
148 2913 243 2960 litteras
255 2914 320 2968 dedi,
333 2915 368 2960 sic
384 2919 408 2959 te
419 2913 452 2959 iis
463 2927 544 2959 evoca·

66 2973 159 3022 bam-
174 2979 341 3042 negotium:
366 2981 404 3026 i.e.
429 2978 543 3026 Cicero's

66 3043 135 3090 recall.
157 3047 290 3108 lllegotium
302 3044 363 3092 with
376 3045 420 3092 the
431 3044 503 3092 force
516 3044 545 3091 of

66 3122 98 3152 res
103 3109 121 3157 is
129 3112 272 3176 colloquial,
281 3111 333 3159 and
344 3111 466 3175 frequent
475 3111 502 3158 in
510 3111 543 3158 all

66 3175 159 3232 periods.
193 3179 235 3226 Cf.
248 3178 293 3226 the
302 3179 376 3240 slang
384 3177 543 3241 expression,

67 3239 127 3289 ‘Tell
144 3259 181 3292 me
201 3245 246 3293 the
264 3244 348 3292 whole
367 3244 545 3292 business.'-—

68 3311 193 3359 meavita:
212 3311 244 3360 cf.
258 3319 320 3359 note
339 3326 408 3373 upon
422 3327 476 3358 mea
495 3311 543 3357 lux

68 3371 257 3427 above-sine
282 3378 354 3426 alios
374 3413 380 3424 .
401 3412 408 3425 .
428 3412 434 3424 .
455 3377 544 3426 susti-

68 3450 132 3489 nere:
153 3445 273 3493 Terentia
295 3443 427 3506 proposed
447 3454 475 3491 to
497 3443 543 3491 sell

68 3501 104 3552 her
115 3523 165 3556 own
176 3517 298 3575 property
309 3510 336 3557 in
349 3509 424 3557 order
437 3518 464 3557 to
477 3509 543 3557 raise

69 3583 146 3638 money
155 3576 194 3624 for
205 3577 250 3625 the
262 3591 389 3638 expenses
408 3575 544 3624 attendant

69 3650 126 3697 upon
137 3641 178 3690 her
189 3643 332 3692 husband's
342 3643 426 3690 recall.
451 3643 544 3690 Cicero

68 3716 163 3766 Opposes
182 3709 232 3758 this
256 3710 317 3773 plan
341 3709 393 3757 still
418 3724 488 3756 more
508 3724 544 3755 ur-

68 3773 141 3836 gently
151 3774 174 3822 in
184 3777 254 3824 Fam.
268 3789 305 3834 14.
318 3789 338 3822 1.
351 3788 363 3838 5
375 3778 444 3838 quod
452 3776 488 3822 ad
498 3791 542 3824 mc.

596 2130 651 2161 mea
669 2114 793 2167 Terentm
806 2113 895 2161 scribis
906 2120 928 2160 te
941 2114 1023 2160 orrum
1036 2129 1090 2160 ven-

595 2182 718 2235 diturum,
731 2181 800 2242 quid,
813 2180 909 2227 obsecro
919 2186 988 2236 te,—
996 2196 1035 2226 me
1047 2182 1093 2226 mi-

595 2261 680 2293 serum
690 2246 701 2293 Ι
707 2274 740 2281 -
748 2248 815 2310 quid
815 2247 942 2308 futurum
954 2246 1011 2293 est?
1027 2254 1057 2301 et,
1070 2249 1094 2293 si

596 2329 642 2360 nos
664 2319 766 2374 premet
785 2314 869 2359 eadem
886 2313 1007 2376 formna,
1030 2315 1096 2375 quid

600 2386 682 2440 puero
699 2381 791 2426 misero
806 2379 874 2440 fiet?
908 2378 949 2425 Cf.
968 2379 1023 2426 also
1044 2380 1091 2441 Ep.

597 2446 646 2492 ΧΙ.
665 2446 764 2509 3.—si
788 2459 835 2493 me
859 2459 952 2493 amas:
977 2444 1029 2492 this
1053 2461 1093 2493 ex-

595 2513 714 2574 pression
732 2510 784 2559 and
801 2513 889 2559 armabo
904 2519 933 2569 te,
945 2513 980 2558 sis
993 2511 1027 2573 (si
1042 2515 1090 2574 vt's)

596 2577 648 2626 and
659 2580 727 2627 sodes
738 2579 772 2641 (si
779 2579 866 2638 audes)
877 2593 920 2625 are
932 2586 972 2625 set
984 2578 1093 2640 phrases

595 2645 622 2692 in
657 2645 796 2708 colloquial
833 2645 908 2692 Latin
938 2644 1020 2692 which
1049 2661 1093 2693 are

595 2711 685 2774 joined
705 2720 732 2759 to
745 2711 831 2759 words
849 2711 878 2758 of
894 2711 1034 2758 command
1051 2712 1093 2759 sor

597 2778 641 2826 the
653 2778 716 2826 sake
729 2777 758 2824 of
769 2777 914 2839 politeness
926 2777 977 2824 and
989 2778 1094 2840 empha-

596 2845 640 2900 sis,
650 2861 692 2907 αξ.
706 2846 738 2892 da
750 2845 818 2891 milri
834 2845 885 2899 hoc,
898 2846 950 2891 mel
966 2861 1058 2902 meum,
1071 2848 1095 2892 si

596 2927 635 2959 me
643 2927 724 2967 amas,
731 2912 756 2957 si
762 2912 845 2967 audes,
857 2911 939 2958 Plaut.
952 2912 977 2958 T
973 2913 1023 2958 rin.
1033 2925 1092 2970 244;

594 2979 684 3025 amabo
694 2985 724 3033 te,
736 2980 761 3024 si
774 2979 840 3040 quid
854 2978 922 3039 quod
936 2985 997 3038 opus
1007 2979 1096 3040 suerit

595 3046 679 3106 Appio
694 3045 783 3108 stzciss,
791 3046 881 3107 porra'to
898 3059 937 3092 mc
953 3046 982 3090 in
996 3047 1091 3107 gratae,

595 3112 668 3158 Fam.
681 3111 704 3159 8.
717 3110 740 3159 6.
762 3123 783 3174 5.
819 3110 860 3158 Cf.
879 3110 935 3158 also
954 3111 1017 3157 Intr.
1038 3124 1092 3165 100,

595 3177 647 3225 and
665 3178 745 3225 Arch.
761 3177 787 3240 f
811 3179 855 3225 lat.
877 3178 939 3224 Lex.
960 3177 1008 3223 IX.
1027 3177 1093 3240 485-

595 3257 698 3306 491.—
713 3244 784 3292 mihi
814 3251 881 3290 ante
905 3244 1005 3292 oculos
1030 3243 1092 3291 dies

594 3319 753 3373 noctesque
766 3310 903 3358 versaris:
921 3324 938 3356 a
953 3310 1092 3373 colloquial

593 3378 729 3439 pleonasm
755 3377 838 3424 which
865 3391 956 3425 occurs
981 3377 1037 3424 also
1066 3377 1092 3423 in

594 3445 667 3491 Fam.
683 3457 720 3502 14.
734 3457 756 3506 3.
770 3457 792 3499 2,
805 3443 856 3490 and
872 3443 958 3490 would
975 3451 1021 3489 not
1039 3458 1093 3504 per-

595 3509 661 3571 haps
674 3509 740 3558 have
753 3510 819 3557 been
832 3508 977 3572 employed,
986 3508 1038 3556 had
1048 3510 1092 3557 the

595 3577 679 3623 writer
691 3575 756 3624 been
772 3577 798 3623 in
816 3591 832 3623 a
849 3576 946 3623 calmer
963 3576 1045 3623 frame
1064 3577 1093 3623 of

595 3641 673 3689 mind.
705 3643 755 3690 See
767 3650 829 3690 note
842 3650 870 3689 to
883 3644 936 3688 nisi
945 3644 974 3697 si,
990 3655 1010 3688 1.
1042 3642 1092 3698 Cf,

595 3709 722 3765 however,
741 3709 809 3757 mihi
828 3711 875 3756 soli
896 3716 1015 3756 versatur
1034 3718 1093 3757 ante

594 3777 683 3830 oculos,
696 3777 765 3822 Lael.
781 3788 834 3822 102.
