2575 4200
370 260 537 312 CICERO'S
563 258 739 312 LETTERS.

1023 261 1073 316 227

18 265 99 314 eam,
112 280 135 325 4·
150 262 183 330 s]

18 454 56 496 tc
82 433 321 515 cogitationem
339 442 430 494 tuam
447 451 549 495 avoca
561 440 663 513 atque
676 450 715 493 ea
731 431 842 511 potius
860 431 1073 496 reminiscere

18 562 110 623 luae
136 541 239 623 digna
262 550 320 604 tua
344 560 488 622 persona
512 549 611 602 sunt:
635 538 725 601 illam
751 540 909 621 quamdiu
933 540 965 603 ei
989 562 1073 623 opus

18 650 126 712 ‘uerit
155 649 286 724 vixisse,
314 670 380 711 una
406 668 481 711 cum
512 668 547 710 re
576 647 708 728 publica
735 646 852 722 fuisse,
877 659 913 711 te
944 659 1071 731 patrem

18 779 123 820 ruum
149 768 338 839 praetorem
364 757 537 819 consulem
555 776 716 837 augurem
734 755 863 831 vidisse,
882 758 1073 821 adulescen-

18 868 115 929 :ibus
141 865 304 948 primariis
334 874 471 946 nuptam
502 864 617 938 fuisse,
650 864 806 927 omnibus
838 866 935 929 bonis
970 887 1073 948 prope

18 974 238 1055 ¹Jerfunctam
263 993 364 1049 esse;
390 994 466 1036 cum
491 994 544 1035 res
570 973 702 1054 publica
726 973 902 1049 occideret,
929 974 998 1037 vita
1022 994 1074 1037 ex-

18 1083 179 1147 :essisse
230 1081 320 1165 Quid
345 1091 397 1145 est
414 1081 503 1163 quod
528 1090 565 1144 tu
589 1091 646 1143 aut
673 1081 728 1143 illa
753 1102 827 1144 cum
851 1082 987 1146 fortuna
1011 1082 1073 1146 hoc

18 1191 162 1253 nomine
180 1189 274 1272 queri
290 1189 451 1271 possitis?
501 1188 656 1271 Denique
674 1189 741 1251 noli
758 1199 792 1251 te
809 1173 960 1253 oblivisci
983 1190 1074 1254 Cice-

18 1319 142 1361 ronem
173 1319 246 1361 esse
273 1307 306 1361 et
332 1318 408 1361 eum
433 1298 490 1380 qui
517 1297 590 1360 aliis
619 1298 792 1360 consueris
820 1299 1022 1382 praecipere,
1040 1309 1073 1361 et

18 1408 102 1469 dare
133 1407 320 1482 consilium,
351 1426 460 1489 neque
492 1405 613 1468 imitari
644 1405 750 1468 malos
777 1406 925 1469 medicos
955 1407 1012 1489 qui
1039 1408 1073 1469 in

18 1516 142 1578 alienis
173 1514 296 1578 morbis
325 1514 527 1595 profitentur
554 1522 671 1576 tenere
697 1534 734 1576 se
761 1514 943 1577 medicinae
969 1516 1074 1579 scien-

18 1624 116 1698 tiam,
135 1623 199 1705 ipsi
217 1642 254 1685 se
270 1642 386 1685 curare
403 1642 471 1685 non
496 1633 648 1703 possunt,
668 1623 727 1685 sed
752 1622 872 1703 potius,
892 1644 977 1705 quae
1000 1623 1073 1687 aliis

18 1742 98 1794 tute
128 1731 321 1813 praecipere
346 1730 444 1804 soles,
472 1751 511 1793 ea
534 1739 608 1794 tute
634 1730 694 1794 tibi
720 1730 836 1794 subice
860 1741 961 1813 atque
985 1732 1073 1814 apud

18 1841 174 1902 animum
193 1859 350 1921 propone.
402 1837 524 1902 Nullus
541 1838 635 1901 dolor
660 1848 711 1901 est
728 1859 828 1921 quem
853 1860 921 1901 non
946 1839 1108 1922 longina

20 1949 136 2029 quitas
152 1947 314 2028 temporis
332 1948 460 2009 minuat
477 1968 515 2009 ac
531 1945 670 2010 molliat.
721 1947 797 2010 Hoc
821 1957 857 2009 te
881 1957 1074 2029 exspectare

22 2066 160 2140 tempus
185 2056 247 2119 tibi
273 2064 373 2137 turpe
394 2064 445 2119 est
472 2074 510 2118 ac
538 2075 604 2119 non
633 2055 665 2117 ei
691 2054 739 2117 rei
766 2055 930 2137 sapientia
955 2065 1014 2119 tua
1039 2066 1074 2120 te

22 2185 210 2229 occurrere.
262 2164 362 2247 Quod
387 2164 416 2227 si
440 2164 497 2247 qui
522 2165 622 2226 etiam
649 2164 764 2227 inferis
789 2185 909 2228 sensus
934 2175 996 2239 est,
1018 2167 1075 2248 qui

24 2273 113 2336 illius
131 2274 165 2336 in
182 2283 217 2336 te
234 2293 326 2335 amor
342 2272 407 2335 fuit
425 2273 600 2354 pietasque
618 2272 652 2334 in
669 2272 778 2335 omnis
795 2292 882 2347 suos,
902 2273 966 2336 hoc
982 2285 1074 2338 certe

23 2381 77 2445 illa
95 2392 131 2445 te
147 2382 261 2445 facere
278 2401 345 2443 non
362 2381 443 2444 vult.
495 2382 548 2443 Da
564 2381 627 2444 hoc
647 2381 693 2443 illi
711 2392 872 2456 mortuae,
891 2384 933 2445 da
952 2384 1073 2446 ceteris

25 2490 140 2553 amicis
173 2511 212 2553 ac
251 2489 469 2552 familiaribus
501 2488 557 2571 qui
591 2498 649 2551 tuo
685 2489 799 2552 dolore
825 2501 998 2566 maerent,
1032 2493 1074 2554 da

25 2599 161 2680 patriae,
180 2607 228 2672 ut,
247 2598 275 2659 si
291 2617 356 2680 qua
377 2597 410 2660 in
435 2617 470 2660 re
488 2617 570 2678 opus
595 2597 649 2672 sit,
668 2617 768 2679 opera
792 2607 826 2660 et
851 2600 989 2662 consilio
1014 2610 1073 2662 tuo

26 2708 73 2769 uti
106 2705 225 2788 possit.
285 2705 450 2787 Denique,
477 2705 633 2788 quoniam
663 2705 697 2768 in
726 2726 799 2768 eam
824 2707 994 2770 fortunam
1019 2709 1073 2770 de-

27 2816 178 2878 venimus
203 2823 240 2876 ut
266 2813 366 2877 etiam
392 2813 469 2876 huic
494 2813 543 2876 rei
567 2814 663 2877 nobis
689 2815 900 2877 serviendum
927 2815 980 2890 sit,
1005 2817 1073 2878 noli

61 2970 79 3019 5.
99 2968 243 3019 persona:
273 2954 305 3002 cf.
329 2961 449 3016 persona,
474 2955 522 3017 Ep.

32 3022 107 3070 LXV.
120 3021 457 3071 ron—adulescentibus
465 3022 523 3084 pri-

29 3090 137 3138 mariis:
150 3089 183 3136 cf.
191 3089 349 3136 adulescente
355 3091 492 3149 primario,
501 3102 522 3150 3.

29 3156 233 3218 —praecipere
244 3162 273 3203 et
281 3155 348 3203 dare
359 3155 523 3203 consilium:

30 3221 57 3269 ci.
62 3225 179 3285 graveter
186 3222 339 3284 molesteque,
348 3235 408 3280 1.,-
414 3235 508 3284 neque
518 3239 523 3268 ε

31 3288 70 3337 the
81 3288 203 3352 negative
214 3288 274 3336 idea
285 3288 315 3335 of
328 3287 372 3335 the
385 3287 525 3350 preceding

31 3356 83 3403 noli
101 3356 150 3404 has
174 3353 269 3403 turned
288 3354 333 3402 the
353 3355 523 3416 conjunction

31 3421 80 3470 into
89 3421 242 3484 anegative;
253 3421 285 3468 ct.
297 3421 362 3468 Hor.
371 3421 416 3468 Od.
425 3436 445 3469 2.
456 3435 492 3468 12.
501 3435 522 3468 2.

31 3489 162 3538 —malos
197 3488 336 3546 medicos,
367 3494 428 3536 tute
458 3488 522 3536 tibi:

33 3556 60 3602 cf.
85 3557 146 3603 Intr.
178 3569 219 3619 93.
268 3555 372 3604 Servius
397 3570 455 3602 uses
480 3554 524 3602 the

33 3621 212 3684 strengthened
235 3621 318 3672 forms
336 3628 387 3668 tute
405 3621 457 3668 and
473 3637 523 3682 ego-

33 3696 84 3746 met,
97 3704 119 3750 4.

62 3756 83 3804 6.
102 3756 213 3804 minuat
243 3767 276 3802 ac
302 3753 420 3811 molliat,
450 3761 524 3801 tem-

575 2968 631 3016 pus
662 2954 714 3003 tibi
741 2962 841 3016 turpe:
871 2956 1074 3004 alliterative.-

575 3022 770 3071 hoe...est:
790 3022 834 3069 the
849 3037 894 3069 use
906 3021 935 3068 of
952 3023 1003 3072 tibi
1022 3023 1073 3070 and

575 3095 604 3135 te
628 3088 655 3134 in
674 3087 719 3135 the
737 3102 809 3135 same
830 3089 917 3136 clause
934 3089 957 3136 is
976 3090 1073 3137 unclas-

575 3155 645 3202 sical.
685 3155 716 3201 In
741 3153 781 3202 his
806 3170 851 3202 use
876 3155 906 3202 of
934 3156 978 3203 the
1001 3171 1072 3204 same

575 3220 679 3284 phrase,
693 3223 766 3268 Fam.
777 3234 799 3279 4.
816 3221 839 3268 6.
855 3235 875 3277 1,
889 3221 981 3269 Cicero
995 3223 1072 3270 omits

576 3287 620 3335 the
632 3287 768 3336 dative'-
777 3287 816 3335 illi
830 3295 961 3336 mortuae
973 3307 978 3336 :
997 3305 1012 3335 a
1023 3289 1073 3336 fair

574 3353 693 3402 instance
705 3354 735 3402 of
749 3354 793 3401 the
807 3370 852 3401 use
865 3354 894 3401 of
911 3355 955 3401 the
968 3354 1070 3402 demon-

575 3421 682 3469 strative
691 3436 720 3469 as
730 3420 877 3484 equivalent
887 3430 915 3468 to
928 3421 972 3468 the
985 3421 1069 3469 Greek

574 3488 671 3535 article.
707 3487 748 3534 Cf.
767 3489 791 3534 T
787 3504 837 3534 use.
848 3489 923 3548 Disp.
935 3500 954 3551 5.
965 3487 996 3548 78
1009 3504 1072 3550 quae

575 3561 612 3601 est
624 3556 727 3609 victrix,
739 3570 767 3601 ea
785 3555 850 3601 laeta
862 3555 1072 3618 prosequentibus

575 3623 629 3667 suet
641 3637 694 3668 una
706 3637 762 3668 cum
775 3622 831 3667 viro
842 3622 871 3667 in
887 3637 976 3682 rogum
996 3622 1072 3682 impe-

576 3688 656 3743 nitur,
681 3688 728 3733 illa
751 3689 817 3734 victa
846 3694 940 3735 maesta
969 3688 1073 3735 discedit

577 3753 900 3816 (Watson).—denique‚
911 3761 973 3800 ete:
986 3753 1070 3804 added
