2575 4200
196 242 231 293 92
535 242 703 292 crcauo's
728 243 901 292 narrans.
1079 244 1147 308 [ap.
1166 246 1224 293 xx
1241 245 1266 279 ἐ

198 408 277 472 lum.
344 407 402 472 Sic
434 409 524 472 enim
556 409 689 484 habeto,
719 430 899 492 numquam
932 429 986 473 me
1017 431 1037 473 a
1068 412 1193 474 causis
1262 422 1266 461 Ξ

199 516 329 580 iudiciis
346 517 584 581 districtiorem
600 517 718 593 fuisse,
736 528 837 601 atque
858 518 890 581 id
913 519 992 582 anni
1009 528 1171 600 tempore
1192 542 1216 602 g
1250 525 1255 566 ῖ

198 624 335 687 vissimo
360 634 394 687 et
419 625 584 689 caloribus
609 626 771 688 maximis.
823 625 890 690 Sed
915 627 1007 702 haec,
1026 628 1198 709 quoniam
1259 653 1267 679 Ιτ

199 733 247 796 ita
269 732 478 814 praescribis,
497 732 637 797 ferenda
662 743 751 808 sunt,
771 754 881 816 neque
906 735 1198 798 committendum
1255 743 1259 782 ‘-

198 850 254 903 aut
284 841 357 922 spei
384 851 441 905 aut
471 841 667 923 cogitationi
694 852 826 905 vestrae
855 863 918 924 ego
942 843 1056 905 videar
1084 843 1225 906 defuiss
1257 857 1267 896 '1

198 949 394 1029 praesertim
420 970 506 1024 cum,
534 949 562 1012 si
587 949 619 1011 id
644 949 812 1012 difficilius
838 950 951 1025 fuerit,
978 960 1091 1013 tamen
1120 971 1167 1014 ex
1195 953 1216 1013 h
1256 961 1267 1004 '-

197 1057 311 1120 labore
342 1077 496 1139 magnam
529 1058 669 1138 gratiam
702 1078 925 1140 magnamque
948 1059 1156 1140 dignitatem
1193 1060 1221 1122 si

198 1164 420 1228 conlecturus
472 1166 600 1247 Itaque,
618 1175 655 1228 ut
676 1165 739 1229 tibi
763 1166 882 1247 placet,
902 1166 1019 1246 damus
1042 1186 1187 1248 operam
1214 1189 1232 1228 n

198 1272 292 1337 cuius
309 1273 457 1336 animum
478 1275 691 1337 offendamus
716 1284 818 1357 atque
843 1285 879 1337 ut
906 1275 1005 1338 etiam
1030 1275 1072 1337 ab
1098 1276 1143 1338 iis
1170 1277 1233 1358 ipsi
1266 1321 1267 1328 κ

198 1382 255 1464 qui
272 1402 333 1445 nos
350 1403 425 1445 cum
443 1382 588 1445 Caesare
613 1392 682 1446 tam
708 1383 906 1446 coniunctos
924 1383 1038 1445 dolent
1056 1383 1245 1466 diligamur,
1266 1399 1267 1402 ’

197 1490 240 1552 ab
268 1489 383 1572 aequis
407 1510 486 1553 vero
514 1500 571 1554 aut
601 1491 704 1554 etiam
733 1492 909 1572 propensis
938 1491 972 1553 in
1001 1492 1086 1554 hanc
1116 1503 1246 1573 partem

165 1598 415 1660 2vehementer
438 1608 472 1661 et
497 1599 645 1662 colamur
669 1609 703 1662 et
728 1620 885 1663 amemur.
938 1601 992 1662 De
1016 1599 1146 1663 ambitu
1174 1621 1245 1664 cum

198 1706 407 1769 atrocissime
430 1717 587 1788 ageretur
611 1707 646 1769 in
672 1718 793 1770 senatu
818 1708 942 1770 multos
969 1708 1051 1783 dies,
1077 1711 1170 1790 quod
1205 1709 1247 1770 ita

198 1823 293 1876 erant
317 1815 487 1896 progressi
511 1815 681 1878 candidati
706 1816 899 1879 consulares
925 1826 962 1878 ut
990 1836 1058 1879 non
1083 1827 1179 1879 esset
1204 1817 1244 1878 fe-

198 1923 348 1996 rendum,
368 1922 402 1984 in
419 1932 538 1986 senatu
558 1944 626 1986 non
651 1924 709 1988 fui.
761 1923 873 1988 Statui
897 1926 937 1986 ad
963 1924 1087 1986 nullam
1112 1924 1243 1987 medici-

165 2051 180 2102 3
198 2051 275 2093 nam
293 2030 341 2092 rei
357 2031 509 2113 publicae
527 2031 600 2094 sine
616 2052 740 2115 magno
757 2032 924 2115 praesidio
948 2033 1116 2096 accedere.
1172 2033 1243 2116 Quo

198 2140 252 2202 die
273 2141 354 2202 haec
379 2140 506 2222 scripsi,
526 2142 659 2203 Drusus
685 2150 756 2204 erat
774 2142 814 2204 de
840 2142 1122 2223 praevaricatione
1148 2162 1168 2204 a
1194 2142 1243 2203 tri-

198 2248 298 2311 bunis
315 2248 451 2311 aerariis
468 2248 652 2323 absolutuS,
673 2250 706 2311 in
725 2270 855 2313 summa
871 2260 1031 2331 quattuor
1055 2250 1241 2321 sententiis

234 2419 255 2452 1.
279 2405 321 2453 sic
345 2407 468 2454 habeto:
492 2406 525 2454 cf.
549 2409 585 2454 sic
601 2407 695 2463 habeto,

199 2473 248 2535 Ep.
259 2472 361 2519 XXVI.
375 2486 383 2519 1
399 2488 466 2519 n.-
475 2472 543 2520 anni
552 2480 695 2535 tempore:

199 2540 311 2600 August,
334 2539 379 2586 the
402 2538 516 2587 weather
541 2539 619 2601 being
648 2540 695 2587 hot

198 2620 264 2654 even
277 2604 320 2652 for
338 2604 394 2653 that
412 2606 515 2665 month;
533 2606 566 2653 cf.
581 2606 659 2670 (2.sr⁴
673 2620 695 2669 3.

750 2422 828 2456 cause
853 2407 882 2455 of
906 2407 951 2456 the
974 2407 1139 2471 aristocracy,
1160 2404 1242 2455 would

749 2474 877 2538 naturally
888 2474 976 2537 please
989 2474 1033 2523 the
1048 2475 1204 2536 Optimates.
1215 2500 1242 2507 -

750 2541 860 2603 aequis,
882 2541 1054 2604 fairminded,
1085 2542 1122 2589 ie.
1147 2537 1242 2589 toward

750 2607 895 2655 Caesan-
907 2607 1068 2670 propensis,
1090 2615 1158 2655 etc:
1182 2607 1242 2654 Cae·

201 2685 221 2719 1.
242 2685 262 2718 1.
273 2699 305 2707 -
316 2680 448 2719 vestrae:
466 2689 498 2719 sc.
517 2672 547 2719 of
568 2688 620 2736 you
643 2672 696 2720 and

199 2738 303 2785 Caesar.
311 2766 345 2773 —
353 2752 388 2786 ex
399 2740 454 2786 hoc
466 2738 563 2786 labore
576 2756 581 2785 ι
603 2739 695 2788 Cicero

197 2804 219 2852 is
228 2803 355 2868 probably
363 2804 487 2867 referring
498 2813 525 2852 to
535 2805 576 2853 his
585 2814 696 2867 support

198 2871 227 2919 of
244 2870 289 2919 the
308 2870 488 2919 Triumvirate.
532 2872 633 2935 During
651 2872 696 2920 the

198 2952 258 3001 year
277 2948 315 3001 54,
334 2936 366 2984 he
384 2936 514 2986 delivered
534 2939 652 2986 orations
670 2939 696 2985 in

197 3003 288 3051 behalf
304 3002 334 3050 of
351 3003 477 3052 Gabinius
496 3004 539 3067 (cf.
553 3012 605 3066 pru
622 3006 697 3052 Rabi-

198 3071 237 3118 rio
253 3071 320 3117 Post.
339 3071 390 3132 32),
411 3070 538 3128 Vatinius,
557 3070 610 3119 and
629 3072 697 3119 Mes-

749 2674 813 2722 sar's
825 2682 986 2735 supporters.

784 2754 805 2787 2.
824 2741 859 2788 de
873 2741 994 2789 ambitu:
1015 2739 1047 2788 cf.
1063 2740 1091 2799 Q.
1103 2741 1146 2804 fr.
1158 2753 1180 2803 3.
1194 2751 1240 2801 2.3

751 2808 861 2867 (written
875 2815 926 2854 two
939 2806 1045 2854 months
1057 2807 1133 2869 later)
1146 2808 1176 2854 de
1191 2821 1240 2852 am-

749 2874 801 2920 bitu
811 2874 937 2934 postulati
951 2880 1013 2920 sunt
1029 2889 1115 2920 omnes
1131 2874 1177 2936 qui
1191 2887 1242 2919 con·

749 2941 861 2986 sulatum
870 2946 977 3001 petunt:
995 2956 1010 2986 a
1025 2940 1149 2986 Memmio
1160 2937 1242 2987 Domi·
1267 2958 1268 3005 j

749 3008 807 3063 tius,
825 3022 841 3052 a
861 3006 890 3064 Q.
909 3007 1008 3062 Aculeo,
1027 3006 1088 3053 bono
1108 3012 1133 3053 et
1147 3005 1240 3053 erudito

748 3074 911 3129 adulescente,
925 3073 1072 3129 Memmius,
1090 3088 1106 3118 a
1130 3072 1158 3131 Q.
1175 3073 1241 3119 Pom·

197 3137 251 3184 sius
266 3136 309 3200 (cf.
319 3137 372 3183 Art.
385 3151 409 3195 4.
424 3150 461 3200 15.
474 3137 510 3200 9),
523 3137 557 3185 all
569 3138 599 3185 of
610 3137 696 3185 whom
744 3140 802 3199 prio
820 3139 950 3196 Messalla,
964 3155 980 3186 a
1002 3139 1106 3186 Triario
1124 3140 1240 3187 Scaurus.

197 3218 263 3266 were
281 3203 351 3251 tools
370 3203 399 3251 of
425 3202 469 3251 the
488 3204 626 3261 triumvirs,
644 3203 697 3251 and

198 3269 242 3317 the
254 3269 309 3317 first
322 3276 373 3317 two
385 3268 438 3318 had
451 3269 518 3318 been
530 3270 628 3318 former
640 3286 697 3319 ene·

197 3337 261 3384 mies
273 3335 303 3383 of
318 3336 418 3385 Cicero.
455 3336 496 3384 Cf.
509 3345 572 3385 note
586 3346 612 3385 to
632 3338 697 3384 Vati·

197 3406 269 3451 nium
294 3403 384 3451 below.
395 3431 429 3439 -—
441 3403 532 3451 abiis
556 3404 629 3467 ipsis
648 3404 696 3466 qui

198 3505 230 3517 ..
251 3504 257 3517 .
276 3468 390 3518 dolent:
416 3469 461 3517 the
486 3471 587 3518 oration
613 3470 696 3519 which

197 3536 289 3584 Cicero
302 3536 432 3584 delivered
451 3536 476 3583 in
496 3536 540 3584 the
552 3552 624 3585 same
636 3552 697 3601 year

196 3604 222 3650 in
235 3602 341 3651 defense
351 3603 380 3650 of
394 3604 430 3650 M.
442 3604 569 3651 Aemilius
583 3605 695 3651 Scaurus

198 3669 241 3731 (cf.
249 3670 301 3716 Atl.
311 3684 334 3728 4.
347 3681 383 3733 15.
393 3669 426 3731 9),
434 3684 481 3717 son
490 3669 519 3717 of
528 3669 572 3717 the
584 3670 697 3717 Scaurus

196 3734 254 3782 who
267 3750 297 3783 so
317 3736 446 3798 earnestly
458 3734 633 3797 championed
652 3735 696 3783 the

750 3204 791 3252 Cf.
804 3205 860 3253 also
874 3206 926 3252 Art.
939 3220 962 3264 4.
978 3218 1015 3266 17.
1029 3219 1051 3252 2.

783 3286 804 3335 3.
832 3272 962 3320 Drusus:
997 3270 1125 3335 probably
1163 3270 1241 3318 Livius

751 3338 853 3385 Drusus
863 3337 1031 3393 Claudianus
1040 3336 1208 3399 grandfather
1217 3333 1241 3382 of

750 3404 794 3451 the
813 3419 932 3466 emperor
949 3403 1074 3451 Tiberius.
1088 3432 1122 3439 -
1135 3403 1240 3452 absolu-

749 3477 805 3529 tus,
814 3479 873 3518 etc:
882 3470 945 3518 each
955 3470 983 3517 of
990 3470 1035 3518 the
1044 3470 1116 3517 three
1125 3471 1239 3523 decumbe,

750 3536 892 3599 composed
902 3536 1071 3599 respectively
1079 3536 1108 3583 ef
1120 3545 1238 3587 senators,

749 3602 863 3666 knights,
877 3602 929 3650 and
941 3604 1039 3650 tribuni
1049 3605 1159 3658 aerarii,
1170 3598 1238 3651 voted

749 3670 895 3733 separately
914 3669 957 3731 (cf.
983 3667 1099 3729 Madvig,
1131 3670 1197 3734 Verf
1218 3683 1236 3713 u.

756 3736 837 3784 Verw.
850 3736 884 3782 II.
896 3735 964 3799 328).
991 3736 1020 3782 In
1034 3734 1085 3783 this
1099 3750 1159 3785 case
1172 3751 1187 3783 a
1198 3748 1237 3782 ma·
