<?xml version="1.0" encoding="UTF-8"?>
<!DOCTYPE html PUBLIC "-//W3C//DTD XHTML 1.0 Transitional//EN"
    "http://www.w3.org/TR/xhtml1/DTD/xhtml1-transitional.dtd">
<html xmlns="http://www.w3.org/1999/xhtml" xml:lang="en" lang="en">
 <head>
  <title>
</title>
<meta http-equiv="Content-Type" content="text/html;charset=utf-8" />
  <meta name='ocr-system' content='tesseract 3.04.00' />
  <meta name='ocr-capabilities' content='ocr_page ocr_carea ocr_par ocr_line ocrx_word'/>
</head>
<body>
  <div class='ocr_page' id='page_1' title='image "./selectedletters00unkngoog_0312.png"; bbox 0 0 2575 4200; ppageno 0'>
   <div class='ocr_carea' id='block_1_1' title="bbox 229 276 1251 359">
    <p class='ocr_par' dir='ltr' id='par_1_1' title="bbox 229 276 1251 359">
     <span class='ocr_line' id='line_1_1' title="bbox 229 276 1251 359; baseline 0.006 -32"><span class='ocrx_word' id='word_1_1' title='bbox 229 276 278 327; x_wconf 83' lang='lat'>230</span> <span class='ocrx_word' id='word_1_2' title='bbox 569 276 737 331; x_wconf 88' lang='lat' dir='ltr'>CICERO&#39;S</span> <span class='ocrx_word' id='word_1_3' title='bbox 763 280 935 333; x_wconf 81' lang='lat' dir='ltr'>LETTERS.</span> <span class='ocrx_word' id='word_1_4' title='bbox 988 352 993 359; x_wconf 19' lang='grc' dir='ltr'><strong>Α</strong></span> <span class='ocrx_word' id='word_1_5' title='bbox 1080 282 1161 349; x_wconf 89' lang='lat' dir='ltr'><strong>[Ep.</strong></span> <span class='ocrx_word' id='word_1_6' title='bbox 1181 285 1251 333; x_wconf 91' lang='lat' dir='ltr'>LXl</span> 
     </span>
    </p>
   </div>
   <div class='ocr_carea' id='block_1_2' title="bbox 169 445 1264 3345">
    <p class='ocr_par' dir='ltr' id='par_1_2' title="bbox 169 445 1264 3345">
     <span class='ocr_line' id='line_1_2' title="bbox 229 445 1255 531; baseline 0.006 -22"><span class='ocrx_word' id='word_1_7' title='bbox 229 445 292 509; x_wconf 94' lang='lat' dir='ltr'>mis</span> <span class='ocrx_word' id='word_1_8' title='bbox 316 446 484 511; x_wconf 86' lang='lat' dir='ltr'>laboribus</span> <span class='ocrx_word' id='word_1_9' title='bbox 510 449 663 531; x_wconf 91' lang='lat' dir='ltr'>adeptus,</span> <span class='ocrx_word' id='word_1_10' title='bbox 688 470 791 513; x_wconf 92' lang='lat' dir='ltr'>unum</span> <span class='ocrx_word' id='word_1_11' title='bbox 816 451 972 514; x_wconf 88' lang='lat' dir='ltr'>manebat</span> <span class='ocrx_word' id='word_1_12' title='bbox 999 451 1086 515; x_wconf 90' lang='lat' dir='ltr'>illud</span> <span class='ocrx_word' id='word_1_13' title='bbox 1115 454 1255 516; x_wconf 77' lang='lat' dir='ltr'>solacii</span> 
     </span>
     <span class='ocr_line' id='line_1_3' title="bbox 229 554 1240 642; baseline 0.005 -25"><span class='ocrx_word' id='word_1_14' title='bbox 229 554 318 637; x_wconf 94' lang='lat' dir='ltr'>quod</span> <span class='ocrx_word' id='word_1_15' title='bbox 343 565 494 637; x_wconf 89' lang='lat' dir='ltr'>ereptum</span> <span class='ocrx_word' id='word_1_16' title='bbox 524 565 585 621; x_wconf 91' lang='lat' dir='ltr'>est.</span> <span class='ocrx_word' id='word_1_17' title='bbox 638 556 716 619; x_wconf 92' lang='lat' dir='ltr'>Non</span> <span class='ocrx_word' id='word_1_18' title='bbox 742 558 924 621; x_wconf 92' lang='lat' dir='ltr'>amicorum</span> <span class='ocrx_word' id='word_1_19' title='bbox 953 561 1133 642; x_wconf 81' lang='lat' dir='ltr'>negotiis„</span> <span class='ocrx_word' id='word_1_20' title='bbox 1158 582 1240 623; x_wconf 90' lang='lat' dir='ltr'>non</span> 
     </span>
     <span class='ocr_line' id='line_1_4' title="bbox 229 662 1257 750; baseline 0.007 -24"><span class='ocrx_word' id='word_1_21' title='bbox 229 662 380 745; x_wconf 91' lang='lat' dir='ltr'>publicae</span> <span class='ocrx_word' id='word_1_22' title='bbox 395 665 628 746; x_wconf 84' lang='lat' dir='ltr'>procuratione</span> <span class='ocrx_word' id='word_1_23' title='bbox 645 666 913 747; x_wconf 85' lang='lat' dir='ltr'>impediebantur</span> <span class='ocrx_word' id='word_1_24' title='bbox 929 668 1182 750; x_wconf 89' lang='lat' dir='ltr'>cogitationes</span> <span class='ocrx_word' id='word_1_25' title='bbox 1203 690 1257 734; x_wconf 84' lang='lat' dir='ltr'>me</span> 
     </span>
     <span class='ocr_line' id='line_1_5' title="bbox 229 770 1258 858; baseline 0.007 -26"><span class='ocrx_word' id='word_1_26' title='bbox 229 770 310 833; x_wconf 93' lang='lat' dir='ltr'>nihil</span> <span class='ocrx_word' id='word_1_27' title='bbox 327 771 360 834; x_wconf 93' lang='lat' dir='ltr'>in</span> <span class='ocrx_word' id='word_1_28' title='bbox 377 771 450 835; x_wconf 90' lang='lat' dir='ltr'>foro</span> <span class='ocrx_word' id='word_1_29' title='bbox 472 792 572 855; x_wconf 89' lang='lat' dir='ltr'>agere</span> <span class='ocrx_word' id='word_1_30' title='bbox 594 772 731 849; x_wconf 88' lang='lat' dir='ltr'>libebat,</span> <span class='ocrx_word' id='word_1_31' title='bbox 749 774 921 856; x_wconf 89' lang='lat' dir='ltr'>adspicere</span> <span class='ocrx_word' id='word_1_32' title='bbox 940 776 1069 840; x_wconf 89' lang='lat' dir='ltr'>curiam</span> <span class='ocrx_word' id='word_1_33' title='bbox 1098 798 1188 839; x_wconf 92' lang='lat' dir='ltr'>non</span> <span class='ocrx_word' id='word_1_34' title='bbox 1220 788 1258 858; x_wconf 78' lang='lat' dir='ltr'>po</span> 
     </span>
     <span class='ocr_line' id='line_1_6' title="bbox 229 880 1260 965; baseline 0.005 -24"><span class='ocrx_word' id='word_1_35' title='bbox 229 898 308 955; x_wconf 91' lang='lat' dir='ltr'>ram,</span> <span class='ocrx_word' id='word_1_36' title='bbox 327 880 568 957; x_wconf 88' lang='lat' dir='ltr'>existimabam,</span> <span class='ocrx_word' id='word_1_37' title='bbox 587 882 619 945; x_wconf 92' lang='lat' dir='ltr'>id</span> <span class='ocrx_word' id='word_1_38' title='bbox 635 883 726 965; x_wconf 95' lang='lat' dir='ltr'>quod</span> <span class='ocrx_word' id='word_1_39' title='bbox 744 892 825 958; x_wconf 89' lang='lat' dir='ltr'>erat,</span> <span class='ocrx_word' id='word_1_40' title='bbox 844 883 951 947; x_wconf 90' lang='lat' dir='ltr'>omnis</span> <span class='ocrx_word' id='word_1_41' title='bbox 968 904 1023 947; x_wconf 91' lang='lat' dir='ltr'>me</span> <span class='ocrx_word' id='word_1_42' title='bbox 1040 894 1076 947; x_wconf 89' lang='lat' dir='ltr'>et</span> <span class='ocrx_word' id='word_1_43' title='bbox 1097 884 1260 948; x_wconf 84' lang='lat' dir='ltr'>industri</span> 
     </span>
     <span class='ocr_line' id='line_1_7' title="bbox 229 987 1261 1074; baseline 0.007 -24"><span class='ocrx_word' id='word_1_44' title='bbox 229 1008 323 1051; x_wconf 90' lang='lat' dir='ltr'>meae</span> <span class='ocrx_word' id='word_1_45' title='bbox 338 987 470 1053; x_wconf 87' lang='lat' dir='ltr'>fructus</span> <span class='ocrx_word' id='word_1_46' title='bbox 488 998 522 1053; x_wconf 88' lang='lat' dir='ltr'>et</span> <span class='ocrx_word' id='word_1_47' title='bbox 539 989 908 1073; x_wconf 83' lang='lat' dir='ltr'>fortunae’perdidisse.</span> <span class='ocrx_word' id='word_1_48' title='bbox 959 991 1027 1056; x_wconf 90' lang='lat' dir='ltr'>Sed</span> <span class='ocrx_word' id='word_1_49' title='bbox 1053 1013 1142 1055; x_wconf 90' lang='lat' dir='ltr'>cum</span> <span class='ocrx_word' id='word_1_50' title='bbox 1177 992 1261 1074; x_wconf 84' lang='lat' dir='ltr'>cogit</span> 
     </span>
     <span class='ocr_line' id='line_1_8' title="bbox 228 1096 1262 1182; baseline 0.005 -25"><span class='ocrx_word' id='word_1_51' title='bbox 228 1114 297 1160; x_wconf 92' lang='lat' dir='ltr'>rem</span> <span class='ocrx_word' id='word_1_52' title='bbox 314 1096 397 1161; x_wconf 89' lang='lat' dir='ltr'>haec</span> <span class='ocrx_word' id='word_1_53' title='bbox 413 1096 494 1161; x_wconf 93' lang='lat' dir='ltr'>mihi</span> <span class='ocrx_word' id='word_1_54' title='bbox 510 1106 622 1162; x_wconf 88' lang='lat' dir='ltr'>tecum</span> <span class='ocrx_word' id='word_1_55' title='bbox 637 1106 760 1162; x_wconf 87' lang='lat' dir='ltr'>etcum</span> <span class='ocrx_word' id='word_1_56' title='bbox 774 1099 972 1182; x_wconf 91' lang='lat' dir='ltr'>quibusdam</span> <span class='ocrx_word' id='word_1_57' title='bbox 986 1120 1062 1163; x_wconf 91' lang='lat' dir='ltr'>esse</span> <span class='ocrx_word' id='word_1_58' title='bbox 1077 1099 1262 1164; x_wconf 88' lang='lat' dir='ltr'>communi</span> 
     </span>
     <span class='ocr_line' id='line_1_9' title="bbox 228 1204 1260 1291; baseline 0.003 -24"><span class='ocrx_word' id='word_1_59' title='bbox 228 1212 262 1267; x_wconf 87' lang='lat' dir='ltr'>et</span> <span class='ocrx_word' id='word_1_60' title='bbox 285 1224 360 1267; x_wconf 89' lang='lat' dir='ltr'>cum</span> <span class='ocrx_word' id='word_1_61' title='bbox 382 1204 573 1287; x_wconf 83' lang='lat' dir='ltr'>frangerem</span> <span class='ocrx_word' id='word_1_62' title='bbox 594 1206 660 1269; x_wconf 89' lang='lat' dir='ltr'>iam</span> <span class='ocrx_word' id='word_1_63' title='bbox 685 1206 758 1288; x_wconf 89' lang='lat' dir='ltr'>ipse</span> <span class='ocrx_word' id='word_1_64' title='bbox 783 1226 836 1270; x_wconf 90' lang='lat' dir='ltr'>me</span> <span class='ocrx_word' id='word_1_65' title='bbox 861 1226 1087 1291; x_wconf 87' lang='lat' dir='ltr'>cogeremque</span> <span class='ocrx_word' id='word_1_66' title='bbox 1114 1210 1186 1273; x_wconf 87' lang='lat' dir='ltr'>illa</span> <span class='ocrx_word' id='word_1_67' title='bbox 1213 1210 1260 1271; x_wconf 88' lang='lat' dir='ltr'>fer</span> 
     </span>
     <span class='ocr_line' id='line_1_10' title="bbox 228 1299 1263 1402; baseline 0.005 -28"><span class='ocrx_word' id='word_1_68' title='bbox 228 1312 419 1389; x_wconf 87' lang='lat' dir='ltr'>toleranter,</span> <span class='ocrx_word' id='word_1_69' title='bbox 446 1314 610 1378; x_wconf 90' lang='lat' dir='ltr'>habebam</span> <span class='ocrx_word' id='word_1_70' title='bbox 635 1333 702 1397; x_wconf 92' lang='lat' dir='ltr'>quo</span> <span class='ocrx_word' id='word_1_71' title='bbox 727 1314 955 1399; x_wconf 80' lang='lat' dir='ltr'>confugerem,</span> <span class='ocrx_word' id='word_1_72' title='bbox 981 1317 1038 1380; x_wconf 91' lang='lat' dir='ltr'>ubi</span> <span class='ocrx_word' id='word_1_73' title='bbox 1062 1299 1263 1402; x_wconf 69' lang='lat' dir='ltr'>conquiesd</span> 
     </span>
     <span class='ocr_line' id='line_1_11' title="bbox 227 1422 1261 1495; baseline 0.006 -13"><span class='ocrx_word' id='word_1_74' title='bbox 227 1440 306 1495; x_wconf 91' lang='lat' dir='ltr'>rem,</span> <span class='ocrx_word' id='word_1_75' title='bbox 325 1422 419 1485; x_wconf 91' lang='lat' dir='ltr'>cuius</span> <span class='ocrx_word' id='word_1_76' title='bbox 444 1422 479 1485; x_wconf 94' lang='lat' dir='ltr'>in</span> <span class='ocrx_word' id='word_1_77' title='bbox 504 1442 660 1486; x_wconf 90' lang='lat' dir='ltr'>sermone</span> <span class='ocrx_word' id='word_1_78' title='bbox 685 1433 719 1486; x_wconf 86' lang='lat' dir='ltr'>et</span> <span class='ocrx_word' id='word_1_79' title='bbox 745 1424 909 1487; x_wconf 86' lang='lat' dir='ltr'>suavitate</span> <span class='ocrx_word' id='word_1_80' title='bbox 933 1425 1043 1488; x_wconf 91' lang='lat' dir='ltr'>omnis</span> <span class='ocrx_word' id='word_1_81' title='bbox 1068 1447 1183 1489; x_wconf 90' lang='lat' dir='ltr'>curas</span> <span class='ocrx_word' id='word_1_82' title='bbox 1207 1424 1261 1488; x_wconf 89' lang='lat' dir='ltr'>dol</span> 
     </span>
     <span class='ocr_line' id='line_1_12' title="bbox 226 1530 1263 1616; baseline 0.004 -26"><span class='ocrx_word' id='word_1_83' title='bbox 226 1548 347 1611; x_wconf 89' lang='lat' dir='ltr'>resque</span> <span class='ocrx_word' id='word_1_84' title='bbox 360 1530 571 1612; x_wconf 89' lang='lat' dir='ltr'>deponerem.</span> <span class='ocrx_word' id='word_1_85' title='bbox 615 1532 716 1595; x_wconf 92' lang='lat' dir='ltr'>Nunc</span> <span class='ocrx_word' id='word_1_86' title='bbox 733 1542 847 1595; x_wconf 89' lang='lat' dir='ltr'>autem</span> <span class='ocrx_word' id='word_1_87' title='bbox 865 1532 928 1596; x_wconf 90' lang='lat' dir='ltr'>hoc</span> <span class='ocrx_word' id='word_1_88' title='bbox 945 1541 1013 1595; x_wconf 90' lang='lat' dir='ltr'>tam</span> <span class='ocrx_word' id='word_1_89' title='bbox 1031 1534 1131 1616; x_wconf 91' lang='lat' dir='ltr'>gravi</span> <span class='ocrx_word' id='word_1_90' title='bbox 1144 1534 1263 1613; x_wconf 64' lang='lat' dir='ltr'>vulneq</span> 
     </span>
     <span class='ocr_line' id='line_1_13' title="bbox 227 1637 1262 1738; baseline 0.002 -39"><span class='ocrx_word' id='word_1_91' title='bbox 227 1637 328 1701; x_wconf 89' lang='lat' dir='ltr'>etiam</span> <span class='ocrx_word' id='word_1_92' title='bbox 353 1637 408 1701; x_wconf 88' lang='lat' dir='ltr'>illa</span> <span class='ocrx_word' id='word_1_93' title='bbox 432 1658 518 1721; x_wconf 88' lang='lat' dir='ltr'>quae</span> <span class='ocrx_word' id='word_1_94' title='bbox 542 1639 762 1703; x_wconf 89' lang='lat' dir='ltr'>consanuisse</span> <span class='ocrx_word' id='word_1_95' title='bbox 787 1640 988 1704; x_wconf 89' lang='lat' dir='ltr'>videbantur</span> <span class='ocrx_word' id='word_1_96' title='bbox 1014 1643 1262 1738; x_wconf 64' lang='lat' dir='ltr'>recrudescunt</span> 
     </span>
     <span class='ocr_line' id='line_1_14' title="bbox 227 1744 1263 1830; baseline 0.003 -22"><span class='ocrx_word' id='word_1_97' title='bbox 227 1765 294 1808; x_wconf 92' lang='lat' dir='ltr'>non</span> <span class='ocrx_word' id='word_1_98' title='bbox 321 1744 420 1821; x_wconf 89' lang='lat' dir='ltr'>enim,</span> <span class='ocrx_word' id='word_1_99' title='bbox 447 1757 484 1809; x_wconf 93' lang='lat' dir='ltr'>ut</span> <span class='ocrx_word' id='word_1_100' title='bbox 510 1756 581 1809; x_wconf 92' lang='lat' dir='ltr'>tum</span> <span class='ocrx_word' id='word_1_101' title='bbox 610 1768 664 1811; x_wconf 89' lang='lat' dir='ltr'>me</span> <span class='ocrx_word' id='word_1_102' title='bbox 689 1768 709 1811; x_wconf 93' lang='lat' dir='ltr'>a</span> <span class='ocrx_word' id='word_1_103' title='bbox 735 1768 770 1811; x_wconf 87' lang='lat' dir='ltr'>re</span> <span class='ocrx_word' id='word_1_104' title='bbox 799 1747 932 1830; x_wconf 86' lang='lat' dir='ltr'>publica</span> <span class='ocrx_word' id='word_1_105' title='bbox 960 1759 1131 1813; x_wconf 89' lang='lat' dir='ltr'>maestum</span> <span class='ocrx_word' id='word_1_106' title='bbox 1163 1751 1263 1826; x_wconf 79' lang='lat' dir='ltr'>domu</span> 
     </span>
     <span class='ocr_line' id='line_1_15' title="bbox 226 1854 1263 1938; baseline 0.004 -22"><span class='ocrx_word' id='word_1_107' title='bbox 226 1854 411 1936; x_wconf 88' lang='lat' dir='ltr'>excipiebat</span> <span class='ocrx_word' id='word_1_108' title='bbox 444 1875 528 1938; x_wconf 90' lang='lat' dir='ltr'>quae</span> <span class='ocrx_word' id='word_1_109' title='bbox 555 1856 692 1931; x_wconf 89' lang='lat' dir='ltr'>levaret,</span> <span class='ocrx_word' id='word_1_110' title='bbox 720 1856 767 1920; x_wconf 93' lang='lat' dir='ltr'>sic</span> <span class='ocrx_word' id='word_1_111' title='bbox 794 1877 884 1921; x_wconf 91' lang='lat' dir='ltr'>nunc</span> <span class='ocrx_word' id='word_1_112' title='bbox 912 1857 1013 1920; x_wconf 95' lang='lat' dir='ltr'>domo</span> <span class='ocrx_word' id='word_1_113' title='bbox 1045 1878 1214 1920; x_wconf 88' lang='lat' dir='ltr'>maerens</span> <span class='ocrx_word' id='word_1_114' title='bbox 1244 1875 1263 1938; x_wconf 67' lang='lat' dir='ltr'>a</span> 
     </span>
     <span class='ocr_line' id='line_1_16' title="bbox 226 1961 1263 2047; baseline 0 -23"><span class='ocrx_word' id='word_1_115' title='bbox 226 1982 296 2025; x_wconf 93' lang='lat' dir='ltr'>rem</span> <span class='ocrx_word' id='word_1_116' title='bbox 313 1963 480 2044; x_wconf 93' lang='lat' dir='ltr'>publicam</span> <span class='ocrx_word' id='word_1_117' title='bbox 497 1964 681 2047; x_wconf 82' lang='lat' dir='ltr'>confugere</span> <span class='ocrx_word' id='word_1_118' title='bbox 698 1985 834 2047; x_wconf 89' lang='lat' dir='ltr'>possum</span> <span class='ocrx_word' id='word_1_119' title='bbox 852 1974 888 2027; x_wconf 92' lang='lat' dir='ltr'>ut</span> <span class='ocrx_word' id='word_1_120' title='bbox 905 1964 940 2027; x_wconf 90' lang='lat' dir='ltr'>in</span> <span class='ocrx_word' id='word_1_121' title='bbox 958 1964 1030 2027; x_wconf 90' lang='lat' dir='ltr'>eius</span> <span class='ocrx_word' id='word_1_122' title='bbox 1047 1966 1149 2028; x_wconf 92' lang='lat' dir='ltr'>bonis</span> <span class='ocrx_word' id='word_1_123' title='bbox 1169 1961 1263 2045; x_wconf 83' lang='lat' dir='ltr'>adqui</span> 
     </span>
     <span class='ocr_line' id='line_1_17' title="bbox 225 2072 1264 2177; baseline -0.002 -42"><span class='ocrx_word' id='word_1_124' title='bbox 225 2091 345 2136; x_wconf 88' lang='lat' dir='ltr'>escam.</span> <span class='ocrx_word' id='word_1_125' title='bbox 397 2072 514 2156; x_wconf 89' lang='lat' dir='ltr'>Itaque</span> <span class='ocrx_word' id='word_1_126' title='bbox 531 2083 565 2137; x_wconf 90' lang='lat' dir='ltr'>et</span> <span class='ocrx_word' id='word_1_127' title='bbox 582 2073 682 2138; x_wconf 92' lang='lat' dir='ltr'>domo</span> <span class='ocrx_word' id='word_1_128' title='bbox 698 2074 817 2138; x_wconf 92' lang='lat' dir='ltr'>absum</span> <span class='ocrx_word' id='word_1_129' title='bbox 840 2083 873 2138; x_wconf 91' lang='lat' dir='ltr'>et</span> <span class='ocrx_word' id='word_1_130' title='bbox 892 2073 976 2149; x_wconf 92' lang='lat' dir='ltr'>for0‚</span> <span class='ocrx_word' id='word_1_131' title='bbox 994 2074 1083 2157; x_wconf 94' lang='lat' dir='ltr'>quod</span> <span class='ocrx_word' id='word_1_132' title='bbox 1110 2094 1180 2138; x_wconf 91' lang='lat' dir='ltr'>nec</span> <span class='ocrx_word' id='word_1_133' title='bbox 1207 2090 1264 2177; x_wconf 80' lang='lat' dir='ltr'>euq</span> 
     </span>
     <span class='ocr_line' id='line_1_18' title="bbox 225 2181 1260 2265; baseline -0.003 -22"><span class='ocrx_word' id='word_1_134' title='bbox 225 2181 382 2256; x_wconf 87' lang='lat' dir='ltr'>dolorem,</span> <span class='ocrx_word' id='word_1_135' title='bbox 397 2202 497 2264; x_wconf 91' lang='lat' dir='ltr'>quem</span> <span class='ocrx_word' id='word_1_136' title='bbox 508 2182 550 2244; x_wconf 93' lang='lat' dir='ltr'>de</span> <span class='ocrx_word' id='word_1_137' title='bbox 567 2203 602 2245; x_wconf 90' lang='lat' dir='ltr'>re</span> <span class='ocrx_word' id='word_1_138' title='bbox 619 2183 753 2264; x_wconf 93' lang='lat' dir='ltr'>publica</span> <span class='ocrx_word' id='word_1_139' title='bbox 769 2183 874 2265; x_wconf 89' lang='lat' dir='ltr'>capio,</span> <span class='ocrx_word' id='word_1_140' title='bbox 894 2184 1013 2246; x_wconf 89' lang='lat' dir='ltr'>domus</span> <span class='ocrx_word' id='word_1_141' title='bbox 1027 2183 1091 2246; x_wconf 88' lang='lat' dir='ltr'>iarn</span> <span class='ocrx_word' id='word_1_142' title='bbox 1107 2181 1260 2247; x_wconf 82' lang='lat' dir='ltr'>consolat</span> 
     </span>
     <span class='ocr_line' id='line_1_19' title="bbox 192 2290 1264 2377; baseline 0.001 -26"><span class='ocrx_word' id='word_1_143' title='bbox 192 2298 337 2374; x_wconf 85' lang='lat' dir='ltr'>3potest</span> <span class='ocrx_word' id='word_1_144' title='bbox 364 2309 426 2352; x_wconf 92' lang='lat' dir='ltr'>nec</span> <span class='ocrx_word' id='word_1_145' title='bbox 455 2290 677 2354; x_wconf 91' lang='lat' dir='ltr'>domesticum</span> <span class='ocrx_word' id='word_1_146' title='bbox 711 2310 764 2355; x_wconf 87' lang='lat' dir='ltr'>res</span> <span class='ocrx_word' id='word_1_147' title='bbox 796 2291 939 2373; x_wconf 91' lang='lat' dir='ltr'>publica.</span> <span class='ocrx_word' id='word_1_148' title='bbox 990 2291 1067 2373; x_wconf 86' lang='lat' dir='ltr'>Quo</span> <span class='ocrx_word' id='word_1_149' title='bbox 1100 2291 1215 2373; x_wconf 90' lang='lat' dir='ltr'>magis</span> <span class='ocrx_word' id='word_1_150' title='bbox 1242 2296 1264 2377; x_wconf 61' lang='lat' dir='ltr'>tt</span> 
     </span>
     <span class='ocr_line' id='line_1_20' title="bbox 225 2384 1263 2481; baseline -0.004 -23"><span class='ocrx_word' id='word_1_151' title='bbox 225 2406 382 2478; x_wconf 88' lang='lat' dir='ltr'>exspecto</span> <span class='ocrx_word' id='word_1_152' title='bbox 419 2407 520 2481; x_wconf 92' lang='lat' dir='ltr'>teque</span> <span class='ocrx_word' id='word_1_153' title='bbox 555 2398 670 2461; x_wconf 89' lang='lat' dir='ltr'>videre</span> <span class='ocrx_word' id='word_1_154' title='bbox 701 2384 799 2481; x_wconf 82' lang='lat' dir='ltr'>quam</span> <span class='ocrx_word' id='word_1_155' title='bbox 833 2399 975 2481; x_wconf 90' lang='lat' dir='ltr'>primum</span> <span class='ocrx_word' id='word_1_156' title='bbox 1008 2398 1129 2480; x_wconf 91' lang='lat' dir='ltr'>cupio:</span> <span class='ocrx_word' id='word_1_157' title='bbox 1168 2396 1263 2460; x_wconf 75' lang='lat' dir='ltr'>maius</span> 
     </span>
     <span class='ocr_line' id='line_1_21' title="bbox 225 2504 1264 2590; baseline -0.001 -25"><span class='ocrx_word' id='word_1_158' title='bbox 225 2504 306 2566; x_wconf 93' lang='lat' dir='ltr'>mihi</span> <span class='ocrx_word' id='word_1_159' title='bbox 336 2505 495 2570; x_wconf 87' lang='lat' dir='ltr'>solacium</span> <span class='ocrx_word' id='word_1_160' title='bbox 526 2507 658 2570; x_wconf 86' lang='lat' dir='ltr'>adferre</span> <span class='ocrx_word' id='word_1_161' title='bbox 688 2507 774 2570; x_wconf 90' lang='lat' dir='ltr'>ratio</span> <span class='ocrx_word' id='word_1_162' title='bbox 805 2506 897 2570; x_wconf 92' lang='lat' dir='ltr'>nulla</span> <span class='ocrx_word' id='word_1_163' title='bbox 929 2515 1040 2588; x_wconf 90' lang='lat' dir='ltr'>potest</span> <span class='ocrx_word' id='word_1_164' title='bbox 1066 2527 1170 2590; x_wconf 92' lang='lat' dir='ltr'>quam</span> <span class='ocrx_word' id='word_1_165' title='bbox 1200 2522 1264 2567; x_wconf 91' lang='lat' dir='ltr'>con·</span> 
     </span>
     <span class='ocr_line' id='line_1_22' title="bbox 224 2613 1263 2698; baseline -0.001 -24"><span class='ocrx_word' id='word_1_166' title='bbox 224 2613 349 2675; x_wconf 91' lang='lat' dir='ltr'>iunctio</span> <span class='ocrx_word' id='word_1_167' title='bbox 366 2613 620 2677; x_wconf 90' lang='lat' dir='ltr'>consuetudinis</span> <span class='ocrx_word' id='word_1_168' title='bbox 637 2634 899 2698; x_wconf 91' lang='lat' dir='ltr'>sermonumque</span> <span class='ocrx_word' id='word_1_169' title='bbox 919 2623 1130 2691; x_wconf 90' lang='lat' dir='ltr'>nostrorum;</span> <span class='ocrx_word' id='word_1_170' title='bbox 1162 2629 1263 2698; x_wconf 90' lang='lat' dir='ltr'>quam·</span> 
     </span>
     <span class='ocr_line' id='line_1_23' title="bbox 224 2722 1261 2802; baseline -0.004 -20"><span class='ocrx_word' id='word_1_171' title='bbox 224 2741 323 2802; x_wconf 92' lang='lat' dir='ltr'>quam</span> <span class='ocrx_word' id='word_1_172' title='bbox 344 2723 516 2802; x_wconf 88' lang='lat' dir='ltr'>sperabam</span> <span class='ocrx_word' id='word_1_173' title='bbox 537 2731 633 2784; x_wconf 92' lang='lat' dir='ltr'>tuum</span> <span class='ocrx_word' id='word_1_174' title='bbox 656 2723 954 2786; x_wconf 90' lang='lat' dir='ltr'>adventum-sic</span> <span class='ocrx_word' id='word_1_175' title='bbox 979 2722 1069 2786; x_wconf 90' lang='lat' dir='ltr'>enim</span> <span class='ocrx_word' id='word_1_176' title='bbox 1094 2722 1261 2786; x_wconf 86' lang='lat' dir='ltr'>audiebam</span> 
     </span>
     <span class='ocr_line' id='line_1_24' title="bbox 223 2829 1260 2913; baseline 0 -22"><span class='ocrx_word' id='word_1_177' title='bbox 223 2867 269 2877; x_wconf 90' lang='lat'>-—</span> <span class='ocrx_word' id='word_1_178' title='bbox 280 2829 555 2913; x_wconf 89' lang='lat' dir='ltr'>appropinquare.</span> <span class='ocrx_word' id='word_1_179' title='bbox 602 2830 678 2911; x_wconf 91' lang='lat' dir='ltr'>Ego</span> <span class='ocrx_word' id='word_1_180' title='bbox 694 2840 808 2894; x_wconf 88' lang='lat' dir='ltr'>autem</span> <span class='ocrx_word' id='word_1_181' title='bbox 825 2851 900 2895; x_wconf 89' lang='lat' dir='ltr'>cum</span> <span class='ocrx_word' id='word_1_182' title='bbox 918 2831 1033 2895; x_wconf 91' lang='lat' dir='ltr'>multis</span> <span class='ocrx_word' id='word_1_183' title='bbox 1051 2832 1093 2894; x_wconf 95' lang='lat' dir='ltr'>de</span> <span class='ocrx_word' id='word_1_184' title='bbox 1109 2829 1219 2894; x_wconf 88' lang='lat' dir='ltr'>causis</span> <span class='ocrx_word' id='word_1_185' title='bbox 1233 2835 1260 2886; x_wconf 84' lang='lat' dir='ltr'>te</span> 
     </span>
     <span class='ocr_line' id='line_1_25' title="bbox 223 2937 1257 3020; baseline -0.004 -21"><span class='ocrx_word' id='word_1_186' title='bbox 223 2947 345 3018; x_wconf 89' lang='lat' dir='ltr'>exopto</span> <span class='ocrx_word' id='word_1_187' title='bbox 367 2958 466 3020; x_wconf 88' lang='lat' dir='ltr'>quam</span> <span class='ocrx_word' id='word_1_188' title='bbox 490 2937 634 3019; x_wconf 92' lang='lat' dir='ltr'>primum</span> <span class='ocrx_word' id='word_1_189' title='bbox 652 2939 775 3014; x_wconf 91' lang='lat' dir='ltr'>videre,</span> <span class='ocrx_word' id='word_1_190' title='bbox 794 2948 867 3002; x_wconf 94' lang='lat' dir='ltr'>tum</span> <span class='ocrx_word' id='word_1_191' title='bbox 891 2939 992 3002; x_wconf 84' lang='lat' dir='ltr'>etiarn</span> <span class='ocrx_word' id='word_1_192' title='bbox 1018 2949 1055 3002; x_wconf 93' lang='lat' dir='ltr'>ut</span> <span class='ocrx_word' id='word_1_193' title='bbox 1080 2948 1161 3002; x_wconf 91' lang='lat' dir='ltr'>ante</span> <span class='ocrx_word' id='word_1_194' title='bbox 1185 2953 1257 3001; x_wconf 88' lang='lat' dir='ltr'>corn·</span> 
     </span>
     <span class='ocr_line' id='line_1_26' title="bbox 223 3041 1256 3129; baseline -0.002 -23"><span class='ocrx_word' id='word_1_195' title='bbox 223 3055 413 3109; x_wconf 91' lang='lat' dir='ltr'>mentemur</span> <span class='ocrx_word' id='word_1_196' title='bbox 428 3046 517 3109; x_wconf 89' lang='lat' dir='ltr'>inter</span> <span class='ocrx_word' id='word_1_197' title='bbox 532 3066 594 3109; x_wconf 90' lang='lat' dir='ltr'>nos</span> <span class='ocrx_word' id='word_1_198' title='bbox 611 3067 678 3129; x_wconf 89' lang='lat' dir='ltr'>qua</span> <span class='ocrx_word' id='word_1_199' title='bbox 702 3047 831 3110; x_wconf 90' lang='lat' dir='ltr'>ratione</span> <span class='ocrx_word' id='word_1_200' title='bbox 853 3047 950 3111; x_wconf 92' lang='lat' dir='ltr'>nobis</span> <span class='ocrx_word' id='word_1_201' title='bbox 965 3048 1206 3111; x_wconf 84' lang='lat' dir='ltr'>traducendum</span> <span class='ocrx_word' id='word_1_202' title='bbox 1222 3041 1256 3104; x_wconf 85' lang='lat' dir='ltr'>sit</span> 
     </span>
     <span class='ocr_line' id='line_1_27' title="bbox 223 3153 1252 3238; baseline -0.005 -23"><span class='ocrx_word' id='word_1_203' title='bbox 223 3153 285 3217; x_wconf 93' lang='lat' dir='ltr'>hoc</span> <span class='ocrx_word' id='word_1_204' title='bbox 318 3163 460 3237; x_wconf 91' lang='lat' dir='ltr'>tempus,</span> <span class='ocrx_word' id='word_1_205' title='bbox 495 3155 583 3238; x_wconf 94' lang='lat' dir='ltr'>quod</span> <span class='ocrx_word' id='word_1_206' title='bbox 620 3164 673 3218; x_wconf 91' lang='lat' dir='ltr'>est</span> <span class='ocrx_word' id='word_1_207' title='bbox 709 3164 818 3218; x_wconf 91' lang='lat' dir='ltr'>totum</span> <span class='ocrx_word' id='word_1_208' title='bbox 851 3156 893 3218; x_wconf 92' lang='lat' dir='ltr'>ad</span> <span class='ocrx_word' id='word_1_209' title='bbox 929 3155 1028 3219; x_wconf 89' lang='lat' dir='ltr'>unius</span> <span class='ocrx_word' id='word_1_210' title='bbox 1060 3155 1252 3218; x_wconf 89' lang='lat' dir='ltr'>voluntatem</span> 
     </span>
     <span class='ocr_line' id='line_1_28' title="bbox 169 3262 1253 3345; baseline -0.001 -20"><span class='ocrx_word' id='word_1_211' title='bbox 169 3269 172 3276; x_wconf 88' lang='lat'>&#39;</span> <span class='ocrx_word' id='word_1_212' title='bbox 222 3264 538 3326; x_wconf 91' lang='lat' dir='ltr'>accommodandum</span> <span class='ocrx_word' id='word_1_213' title='bbox 569 3273 603 3326; x_wconf 93' lang='lat' dir='ltr'>et</span> <span class='ocrx_word' id='word_1_214' title='bbox 632 3263 809 3345; x_wconf 88' lang='lat' dir='ltr'>prudentis</span> <span class='ocrx_word' id='word_1_215' title='bbox 833 3272 867 3325; x_wconf 86' lang='lat' dir='ltr'>et</span> <span class='ocrx_word' id='word_1_216' title='bbox 896 3262 1042 3327; x_wconf 91' lang='lat' dir='ltr'>liberalis</span> <span class='ocrx_word' id='word_1_217' title='bbox 1068 3272 1112 3336; x_wconf 92' lang='lat' dir='ltr'>et,</span> <span class='ocrx_word' id='word_1_218' title='bbox 1138 3272 1175 3324; x_wconf 91' lang='lat' dir='ltr'>ut</span> <span class='ocrx_word' id='word_1_219' title='bbox 1198 3276 1253 3342; x_wconf 85' lang='lat' dir='ltr'>per·</span> 
     </span>
    </p>
   </div>
   <div class='ocr_carea' id='block_1_3' title="bbox 199 3412 1249 3860">
    <p class='ocr_par' dir='ltr' id='par_1_3' title="bbox 199 3412 1249 3545">
     <span class='ocr_line' id='line_1_29' title="bbox 221 3412 1249 3476; baseline -0.008 -14"><span class='ocrx_word' id='word_1_220' title='bbox 221 3413 373 3462; x_wconf 85' lang='lat' dir='ltr'>solacium.</span> <span class='ocrx_word' id='word_1_221' title='bbox 389 3415 426 3462; x_wconf 83' lang='lat' dir='ltr'>i..e</span> <span class='ocrx_word' id='word_1_222' title='bbox 440 3413 485 3462; x_wconf 90' lang='lat' dir='ltr'>the</span> <span class='ocrx_word' id='word_1_223' title='bbox 501 3413 718 3476; x_wconf 87' lang='lat' dir='ltr'>companionship</span> <span class='ocrx_word' id='word_1_224' title='bbox 770 3413 818 3476; x_wconf 89' lang='lat' dir='ltr'>Ep.</span> <span class='ocrx_word' id='word_1_225' title='bbox 845 3412 992 3472; x_wconf 55' lang='lat' dir='ltr'>vana</span> <span class='ocrx_word' id='word_1_226' title='bbox 1014 3412 1249 3461; x_wconf 75' lang='lat' dir='ltr'>-consanuissez</span> 
     </span>
     <span class='ocr_line' id='line_1_30' title="bbox 199 3478 1152 3545; baseline -0.001 -17"><span class='ocrx_word' id='word_1_227' title='bbox 199 3479 274 3540; x_wconf 79' lang='lat' dir='ltr'>¹and</span> <span class='ocrx_word' id='word_1_228' title='bbox 291 3480 429 3545; x_wconf 87' lang='lat' dir='ltr'>sympathy</span> <span class='ocrx_word' id='word_1_229' title='bbox 447 3479 476 3528; x_wconf 93' lang='lat' dir='ltr'>of</span> <span class='ocrx_word' id='word_1_230' title='bbox 498 3480 719 3529; x_wconf 81' lang='lat' dir='ltr'>Tullia-ami·</span> <span class='ocrx_word' id='word_1_231' title='bbox 768 3478 853 3527; x_wconf 87' lang='lat' dir='ltr'>found</span> <span class='ocrx_word' id='word_1_232' title='bbox 864 3480 926 3544; x_wconf 93' lang='lat' dir='ltr'>only</span> <span class='ocrx_word' id='word_1_233' title='bbox 938 3479 1038 3527; x_wconf 86' lang='lat' dir='ltr'>herem</span> <span class='ocrx_word' id='word_1_234' title='bbox 1052 3479 1152 3527; x_wconf 89' lang='lat' dir='ltr'>Cicero</span> 
     </span>
    </p>

    <p class='ocr_par' dir='ltr' id='par_1_4' title="bbox 220 3535 1247 3860">
     <span class='ocr_line' id='line_1_31' title="bbox 221 3535 1247 3609; baseline -0.005 -14"><span class='ocrx_word' id='word_1_235' title='bbox 221 3559 320 3595; x_wconf 87' lang='lat' dir='ltr'>corum</span> <span class='ocrx_word' id='word_1_236' title='bbox 332 3546 469 3609; x_wconf 87' lang='lat' dir='ltr'>negotiis.</span> <span class='ocrx_word' id='word_1_237' title='bbox 484 3561 558 3596; x_wconf 88' lang='lat' dir='ltr'>asan</span> <span class='ocrx_word' id='word_1_238' title='bbox 572 3546 718 3606; x_wconf 86' lang='lat' dir='ltr'>advocate;</span> <span class='ocrx_word' id='word_1_239' title='bbox 803 3559 826 3609; x_wconf 84' lang='lat'><strong>3</strong></span> <span class='ocrx_word' id='word_1_240' title='bbox 855 3548 1030 3608; x_wconf 82' lang='lat' dir='ltr'>sperabam.</span> <span class='ocrx_word' id='word_1_241' title='bbox 1062 3561 1096 3594; x_wconf 92' lang='lat' dir='ltr'>an</span> <span class='ocrx_word' id='word_1_242' title='bbox 1128 3535 1247 3608; x_wconf 79' lang='lat' dir='ltr'>epistota&#39;u</span> 
     </span>
     <span class='ocr_line' id='line_1_32' title="bbox 221 3609 1246 3675; baseline -0.001 -14"><span class='ocrx_word' id='word_1_243' title='bbox 221 3613 253 3661; x_wconf 89' lang='lat' dir='ltr'>cf.</span> <span class='ocrx_word' id='word_1_244' title='bbox 266 3614 493 3670; x_wconf 83' lang='lat' dir='ltr'>sublatismdiciis,</span> <span class='ocrx_word' id='word_1_245' title='bbox 504 3614 551 3675; x_wconf 92' lang='lat' dir='ltr'>Ep.</span> <span class='ocrx_word' id='word_1_246' title='bbox 564 3613 652 3661; x_wconf 91' lang='lat' dir='ltr'>LXII.</span> <span class='ocrx_word' id='word_1_247' title='bbox 669 3627 716 3660; x_wconf 85' lang='lat' dir='ltr'>rn.</span> <span class='ocrx_word' id='word_1_248' title='bbox 768 3619 858 3670; x_wconf 89' lang='lat' dir='ltr'>tense;</span> <span class='ocrx_word' id='word_1_249' title='bbox 877 3612 910 3660; x_wconf 91' lang='lat' dir='ltr'>cf.</span> <span class='ocrx_word' id='word_1_250' title='bbox 930 3613 994 3660; x_wconf 88' lang='lat' dir='ltr'>intr</span> <span class='ocrx_word' id='word_1_251' title='bbox 1006 3612 1070 3671; x_wconf 76' lang='lat' dir='ltr'>84c.</span> <span class='ocrx_word' id='word_1_252' title='bbox 1081 3621 1204 3661; x_wconf 85' lang='lat' dir='ltr'>-ante·</span> <span class='ocrx_word' id='word_1_253' title='bbox 1198 3609 1246 3655; x_wconf 67' lang='lat' dir='ltr'>·bt</span> 
     </span>
     <span class='ocr_line' id='line_1_33' title="bbox 220 3675 1245 3742; baseline -0.003 -16"><span class='ocrx_word' id='word_1_254' title='bbox 220 3679 380 3727; x_wconf 76' lang='lat' dir='ltr'>—curiam</span> <span class='ocrx_word' id='word_1_255' title='bbox 391 3680 435 3728; x_wconf 89' lang='lat' dir='ltr'>the</span> <span class='ocrx_word' id='word_1_256' title='bbox 445 3679 606 3742; x_wconf 91' lang='lat' dir='ltr'>ascendancy</span> <span class='ocrx_word' id='word_1_257' title='bbox 614 3679 643 3726; x_wconf 90' lang='lat' dir='ltr'>of</span> <span class='ocrx_word' id='word_1_258' title='bbox 653 3678 717 3726; x_wconf 90' lang='lat' dir='ltr'>Cae·</span> <span class='ocrx_word' id='word_1_259' title='bbox 766 3677 824 3726; x_wconf 88' lang='lat' dir='ltr'>fore</span> <span class='ocrx_word' id='word_1_260' title='bbox 846 3678 966 3726; x_wconf 90' lang='lat' dir='ltr'>Caesar’s</span> <span class='ocrx_word' id='word_1_261' title='bbox 984 3686 1074 3726; x_wconf 91' lang='lat' dir='ltr'>return</span> <span class='ocrx_word' id='word_1_262' title='bbox 1092 3677 1160 3726; x_wconf 87' lang='lat' dir='ltr'>from</span> <span class='ocrx_word' id='word_1_263' title='bbox 1179 3675 1245 3740; x_wconf 84' lang='lat' dir='ltr'>Spain</span> 
     </span>
     <span class='ocr_line' id='line_1_34' title="bbox 221 3743 1242 3813; baseline -0.002 -23"><span class='ocrx_word' id='word_1_264' title='bbox 221 3758 263 3790; x_wconf 91' lang='lat' dir='ltr'>sar</span> <span class='ocrx_word' id='word_1_265' title='bbox 285 3743 338 3791; x_wconf 94' lang='lat' dir='ltr'>had</span> <span class='ocrx_word' id='word_1_266' title='bbox 361 3745 440 3792; x_wconf 89' lang='lat' dir='ltr'>taken</span> <span class='ocrx_word' id='word_1_267' title='bbox 461 3759 533 3808; x_wconf 84' lang='lat' dir='ltr'>away</span> <span class='ocrx_word' id='word_1_268' title='bbox 550 3745 595 3792; x_wconf 91' lang='lat' dir='ltr'>the</span> <span class='ocrx_word' id='word_1_269' title='bbox 615 3743 717 3807; x_wconf 89' lang='lat' dir='ltr'>dignity</span> <span class='ocrx_word' id='word_1_270' title='bbox 767 3744 850 3791; x_wconf 89' lang='lat' dir='ltr'>which</span> <span class='ocrx_word' id='word_1_271' title='bbox 863 3744 928 3792; x_wconf 89' lang='lat' dir='ltr'>took</span> <span class='ocrx_word' id='word_1_272' title='bbox 941 3744 1054 3806; x_wconf 85' lang='lat' dir='ltr'>placem</span> <span class='ocrx_word' id='word_1_273' title='bbox 1075 3745 1154 3807; x_wconf 90' lang='lat' dir='ltr'>Sept,</span> <span class='ocrx_word' id='word_1_274' title='bbox 1165 3758 1233 3813; x_wconf 82' lang='lat'>45</span> <span class='ocrx_word' id='word_1_275' title='bbox 1210 3748 1242 3788; x_wconf 42' lang='lat' dir='ltr'>unc</span> 
     </span>
     <span class='ocr_line' id='line_1_35' title="bbox 220 3804 1243 3860; baseline 0.003 -5"><span class='ocrx_word' id='word_1_276' title='bbox 220 3807 412 3857; x_wconf 82' lang='lat' dir='ltr'>andinfluence</span> <span class='ocrx_word' id='word_1_277' title='bbox 430 3809 459 3857; x_wconf 93' lang='lat' dir='ltr'>of</span> <span class='ocrx_word' id='word_1_278' title='bbox 476 3810 521 3858; x_wconf 90' lang='lat' dir='ltr'>the</span> <span class='ocrx_word' id='word_1_279' title='bbox 538 3817 637 3858; x_wconf 86' lang='lat' dir='ltr'>senate.</span> <span class='ocrx_word' id='word_1_280' title='bbox 673 3809 731 3856; x_wconf 89' lang='lat' dir='ltr'>Cf..</span> <span class='ocrx_word' id='word_1_281' title='bbox 766 3810 916 3860; x_wconf 77' lang='lat' dir='ltr'>—uniusz</span> <span class='ocrx_word' id='word_1_282' title='bbox 946 3812 983 3858; x_wconf 78' lang='grc' dir='ltr'><strong><em>ι’..ι</em></strong></span> <span class='ocrx_word' id='word_1_283' title='bbox 1011 3812 1180 3859; x_wconf 63' lang='lat' dir='ltr'>Caesaub—</span> <span class='ocrx_word' id='word_1_284' title='bbox 1191 3804 1243 3858; x_wconf 77' lang='lat' dir='ltr'>ami·</span> 
     </span>
    </p>
   </div>
   <div class='ocr_carea' id='block_1_4' title="bbox 0 0 1292 4200">
    <p class='ocr_par' dir='ltr' id='par_1_5' title="bbox 0 0 1292 4200">
     <span class='ocr_line' id='line_1_36' title="bbox 0 0 1292 4200; baseline 0 0"><span class='ocrx_word' id='word_1_285' title='bbox 0 0 1292 4200; x_wconf 95' lang='lat' dir='ltr'> </span> 
     </span>
    </p>
   </div>
  </div>
 </body>
</html>
