2575 4200
228 282 275 333 162
564 282 733 333 CICERO’S
757 282 930 331 LETTERS.
1108 276 1160 343 [Ep.
1173 278 1263 358 xm,

1261 362 1263 387 ι

228 450 266 513 L.
287 450 436 527 Flaccus,
455 452 543 534 quod
562 451 602 535 Q.
624 451 768 526 Mucius,
787 450 1035 534 quoquomodo
1052 469 1090 511 ea
1111 467 1158 509 res
1180 423 1263 517 huic}

225 558 357 639 quidem
376 559 510 635 cecidit;
536 560 592 641 qui
609 568 722 623 tamen
741 559 788 621 ita
803 558 914 621 dicere
937 556 1076 631 solebat,
1094 575 1127 619 se
1141 554 1170 616 id
1185 544 1263 639 sorel

224 666 338 729 videre
362 668 450 750 quod
473 666 600 730 factum
625 676 688 742 est,
712 667 772 729 sed
796 665 894 729 malle
918 686 1016 747 quam
1041 672 1192 728 armatum
1218 650 1263 723 ad'

224 774 351 855 patriae
374 775 507 837 moenia
531 776 700 839 accedere.
749 774 862 837 Aliter
886 773 1123 857 Thrasybulus,
1143 780 1172 833 et
1195 770 1262 854 for-3

225 891 316 945 tasse
340 882 472 959 melius;
506 883 565 945 sed
595 893 647 947 est
677 892 769 946 certa
796 883 957 964 quaedam
984 880 1041 943 illa
1068 880 1154 943 Muci
1175 878 1255 940 ratio

224 998 324 1073 atque
341 990 518 1065 sententia,
539 1001 590 1054 est
608 991 664 1054 illa
681 991 792 1065 etiam,
811 1000 855 1065 et,
875 1011 949 1053 cum
968 990 1011 1051 sit
1037 1008 1176 1061 necesse,
1193 1006 1257 1048 ser-

225 1096 294 1159 vire
314 1097 455 1179 tempori
481 1107 514 1160 et
539 1118 606 1160 non
631 1098 787 1161 amittere
811 1106 954 1180 tempus,
975 1118 1050 1160 curn
1076 1098 1119 1159 sit
1141 1096 1255 1158 datum.

226 1204 292 1267 Sed
310 1206 342 1267 in
360 1206 423 1269 hoc
441 1206 513 1288 ipso
531 1207 656 1269 habent
674 1215 787 1268 tamen
810 1205 910 1268 iidem
934 1205 1046 1269 fasces
1071 1202 1255 1267 molestiam.

226 1312 278 1375 Sit
308 1313 397 1376 enim
426 1314 523 1377 nobis
552 1314 688 1389 amicus,
715 1314 803 1396 quod
835 1315 1001 1376 incertum
1035 1322 1096 1388 est,
1123 1312 1177 1375 sed
1205 1297 1262 1381 sit,

224 1421 353 1483 deferet
379 1422 600 1504 triumphum:
630 1442 696 1485 non
722 1422 874 1503 accipere
899 1441 942 1484 ne
967 1421 1183 1503 periculosum
1205 1417 1255 1489 sit,

224 1530 374 1610 accipere
394 1530 594 1592 invidiosum
617 1531 659 1593 ad
675 1531 792 1593 bonos,
844 1530 894 1593 ‘O
919 1529 1010 1605 rem,'
1031 1530 1149 1611 inquis,
1168 1511 1262 1588 ‹diffiss

225 1637 321 1700 cilem
346 1646 380 1699 et
406 1637 673 1720 inexplicabilem
691 1636 718 1700 l'
768 1638 876 1720 Atqui
901 1638 1097 1719 explicanda
1121 1622 1184 1711 est;
1205 1630 1257 1714 qui

224 1754 336 1807 autem
354 1745 425 1807 fieri
442 1746 579 1828 potest?
628 1746 682 1810 Ac
700 1767 742 1809 ne
767 1767 821 1809 me
846 1746 1048 1809 existimaris
1072 1746 1114 1808 ad
1137 1761 1258 1806 manen-

224 1854 302 1915 dum
327 1873 402 1916 esse
434 1854 695 1935 propensiorem,
722 1856 809 1937 quod
841 1855 936 1937 plura
969 1854 1002 1915 in
1035 1874 1108 1916 earn
1141 1860 1256 1933 partem

223 1962 325 2025 verba
342 1962 490 2036 fecerim,
510 1971 622 2043 potest
640 1963 722 2038 fieri,
742 1965 829 2045 quod
855 1964 892 2025 fit
917 1963 951 2024 in
976 1962 1092 2025 multis
1108 1957 1257 2043 quaestio-

224 2070 332 2146 nibuS,
351 2078 387 2133 ut
414 2090 466 2134 res
483 2070 655 2134 verbosior
679 2070 761 2135 haec
785 2072 897 2146 fuerit,
916 2071 972 2134 illa
987 2070 1106 2134 verior.
1149 2068 1256 2152 Quam·

224 2179 338 2242 obrem
363 2188 400 2241 ut
425 2179 568 2242 maxima
592 2180 634 2242 de
659 2200 695 2242 re
721 2200 826 2263 aequo
851 2180 961 2242 animo
990 2177 1196 2252 deliberanti,
1217 2175 1256 2235 ita

224 2287 305 2347 mihi
320 2288 379 2349 des
397 2287 572 2349 consilium
587 2288 697 2350 velim.
733 2288 837 2350 Navis
855 2297 888 2350 et
906 2288 940 2349 in
958 2287 1075 2350 Caieta
1089 2294 1140 2349 est
1157 2291 1256 2366 parata

191 2418 204 2465 7
224 2395 321 2457 nobis
340 2403 372 2456 et
392 2395 557 2458 Brundisi.
609 2395 676 2459 Sed
694 2415 773 2459 ecce
790 2395 899 2458 nuntii
917 2395 1086 2458 scribente
1110 2415 1164 2456 me
1187 2393 1255 2454 haec

224 2503 297 2582 ipsa
313 2512 415 2566 noctu
436 2503 469 2565 in
488 2503 623 2578 Caleno,
644 2524 722 2566 ecce
746 2503 888 2578 litterae,
903 2503 1088 2566 ‘Caesarem
1111 2503 1152 2564 ad
1170 2497 1255 2564 Corfi-

224 2611 326 2685 nium,
346 2611 532 2674 Domitium
550 2611 676 2675 Corfini
693 2632 768 2674 cum
785 2613 880 2673 firmo
897 2611 1046 2674 exercitu
1064 2619 1097 2672 et
1123 2623 1255 2692 pugnare

225 2719 390 2800 cupiente.
441 2721 520 2782 Non
538 2729 619 2801 puto
638 2720 739 2782 etiam
757 2720 821 2783 hoc
839 2720 991 2782 Gnaeum
1012 2727 1164 2781 nostrum
1184 2735 1255 2779 com·

225 2827 403 2890 missurum
421 2836 458 2890 ut
477 2828 663 2890 Domitium
681 2828 855 2909 relinquat,
875 2826 939 2889 etsi
965 2826 1179 2889 Brundisium
1199 2820 1253 2886 Sci-

224 2978 459 3041 later.-quoquo
477 2980 571 3037 modo,
585 2987 641 3035 etc,
658 2979 723 3026 boue
774 2995 838 3027 aens.
887 2977 1041 3039 Something
1065 2977 1119 3026 like
1142 2973 1252 3025 verearis

224 3061 281 3092 ever
297 3046 353 3092 tleat
363 3046 468 3093 decisehn
480 3047 577 3093 turned
585 3053 629 3092 out
637 3047 665 3091 in
676 3057 723 3092 tris
775 3044 936 3093 understood
959 3044 1048 3092 before
1072 3059 1119 3103 ne,
1139 3060 1167 3092 as
1191 3044 1213 3090 iu
1231 3040 1253 3086 de

224 3128 283 3158 care.
292 3139 325 3146 -
337 3112 432 3159 malle:
445 3129 476 3159 sc.
484 3114 578 3174 perire.
586 3140 620 3147 -
630 3111 723 3159 Thra·
774 3113 834 3158 Fin.
846 3124 866 3175 5.
877 3110 892 3158 8
902 3112 947 3159 sed
956 3127 994 3168 ne,
1004 3113 1066 3158 dum
1077 3113 1139 3158 huic
1147 3111 1253 3171 obsequen

225 3178 346 3238 sybulus
357 3179 398 3240 (sc.
410 3178 497 3240 secit):
516 3178 548 3226 he
560 3177 607 3226 left
621 3177 723 3226 Athens
775 3179 843 3225 vobis
854 3179 972 3224 molestus
983 3179 1041 3224 sine.
1078 3177 1120 3224 Cf.
1134 3179 1188 3225 also
1204 3176 1252 3221 Tac.

225 3244 298 3291 when
307 3244 351 3292 the
362 3244 453 3308 Thirty
462 3245 573 3307 Tyrants
583 3260 656 3292 came
665 3245 721 3292 into
775 3245 844 3291 Hist.
859 3258 879 3306 3.
894 3243 1053 3302 46.-res.
1074 3278 1080 3290 .
1100 3279 1107 3291 .
1127 3245 1209 3291 haec:
1225 3243 1252 3286 ie.

224 3313 318 3373 power,
329 3310 376 3358 but
388 3309 511 3358 returned
524 3318 551 3358 to
565 3311 636 3358 drive
650 3311 722 3359 them
774 3311 819 3358 the
828 3310 993 3374 advisability
1003 3309 1032 3357 of
1043 3311 1148 3374 staying
1157 3311 1181 3358 in
1193 3309 1252 3370 Italy·

225 3385 288 3438 out;
312 3377 344 3426 cf.
368 3378 434 3424 Xen.
453 3377 521 3423 Hell.
544 3391 565 3425 2.
584 3392 606 3440 3.
625 3391 674 3436 42;
700 3391 720 3424 2.
773 3377 939 3424 -Caietat
959 3377 1051 3424 Cicero
1069 3376 1123 3424 had
1141 3382 1252 3425 auestate

225 3443 340 3502 4.-sit
366 3443 486 3506 (enim):
516 3461 547 3490 se.
575 3446 722 3492 Caesar.—
773 3443 842 3491 here.
890 3451 895 3460 “

224 3524 282 3558 non
295 3509 435 3572 accipere,
451 3510 481 3572 (I
492 3527 534 3558 am
547 3510 652 3574 afraid)
666 3511 723 3557 that
751 3516 755 3529 ·
807 3524 829 3570 7.
849 3523 915 3557 ecce
927 3528 932 3557 :
946 3509 983 3556 cf.
1006 3510 1054 3572 Ep.
1075 3511 1187 3558 XXXV.
1199 3523 1224 3572 23
1234 3523 1251 3554 n.

225 3583 268 3623 not
282 3583 305 3624 to
320 3583 401 3638 accept
413 3576 438 3639 (a
456 3577 582 3640 triumph)
597 3593 656 3638 may
668 3578 694 3624 be
704 3595 721 3625 a
772 3606 804 3612 -
818 3577 996 3624 Corfinium:
1014 3591 1058 3623 see
1075 3576 1168 3624 introd.
1180 3584 1204 3624 to
1216 3576 1251 3635 Ep·

219 3645 334 3703 perilous
346 3644 422 3705 thing
433 3642 472 3705 (as
481 3643 533 3706 far
547 3659 576 3690 as
593 3645 722 3691 Caesaris
774 3643 953 3691 XLIV.—ut
967 3677 973 3689 .
988 3677 994 3690 .
1009 3677 1015 3689 .
1029 3642 1182 3705 relinquat:
1195 3645 1251 3689 Pom·

224 3709 386 3771 concerned),
394 3710 452 3756 tleat
462 3715 487 3755 to
498 3715 581 3771 accept
591 3711 613 3756 it
623 3726 684 3771 may
695 3710 722 3756 be
772 3709 843 3772 pey’s
857 3709 952 3757 refusal
965 3716 993 3755 to
1006 3709 1101 3756 relieve
1117 3710 1250 3761 Corfinium,

224 3775 355 3839 shamesul
370 3776 398 3822 in
416 3775 457 3823 the
473 3791 527 3840 eyes
543 3775 575 3841 os
587 3776 654 3839 good
668 3777 721 3822 citi·
773 3775 855 3823 which
881 3776 928 3840 Ep.
954 3775 1052 3823 XLIV.
1071 3777 1195 3835 contains,
1211 3788 1251 3823 was
