2575 4200
22 256 95 320 afr.
110 270 132 301 2.
146 254 183 318 3.]
363 254 531 303 Cicnno’s
557 256 731 304 LETTERS.
1038 254 1072 303 69

23 424 238 485 offenderem.
291 422 361 485 Res
385 423 420 485 in
445 432 617 503 posterum
636 423 739 485 dilata
762 432 824 486 est.
875 422 1012 486 Clodius
1035 423 1069 484 in

23 530 210 612 Quirinalia
234 530 378 611 prodixit
404 530 503 595 diem.
553 530 597 594 A.
616 532 647 595 d.
667 550 715 593 vn
741 531 790 594 ld.
816 532 912 594 Febr.
933 539 1103 605 senatus3

23 640 59 701 ad
78 638 251 721 Apollinis
275 638 350 713 fuit,
369 647 406 701 ut
433 640 611 721 Pompeius
635 640 779 704 adesset.
828 638 919 702 Acta
943 659 997 701 res
1017 647 1069 701 est

23 749 166 837 graviter
183 768 203 809 a
221 746 389 827 Pompeio.
428 748 480 810 Eo
496 747 551 810 die
567 748 651 810 nihil
667 748 856 829 perfectum
875 757 935 810 est.
978 746 1022 810 A.
1036 748 1068 811 d.

25 874 56 917 vr
71 857 118 919 Id.
137 857 237 919 Febr.
251 857 293 926 ad
307 854 477 937 Apollinis
495 865 633 919 senatus
648 856 839 919 consultum
856 856 983 919 factum
1001 864 1070 919 est:

22 982 65 1025 EA
89 982 185 1039 QVAE
217 982 332 1027 TACTA
356 954 486 1027 EssTuT
509 983 540 1027 A.
569 984 601 1028 n.
628 983 691 1026 vnr
718 964 767 1027 In.
797 965 903 1027 Fran.
930 981 1069 1027 CONTRA

26 1090 94 1133 usu
120 1090 298 1134 TvsLTCAM
323 1090 406 1135 Esse
431 1090 552 1135 FACTA.
604 1073 655 1135 Eo
672 1072 726 1135 die
751 1072 836 1135 Cato
852 1072 1070 1133 vehementer

24 1190 72 1241 est
96 1180 132 1241 in
159 1179 356 1260 Pompeium
382 1179 535 1243 invectus
561 1189 594 1242 et
619 1200 696 1242 eum
726 1180 878 1243 oratione
908 1187 1070 1260 perpetua

22 1296 193 1369 tamquam
210 1307 303 1350 reum
321 1287 501 1362 accusavit,
519 1289 561 1351 de
578 1308 631 1350 me
654 1288 761 1350 multa
784 1307 839 1350 me
863 1287 968 1350 invito
993 1307 1068 1351 cum

25 1414 95 1457 mea
122 1416 254 1457 summa
280 1395 378 1458 laude
404 1395 486 1457 dixit
494 1416 501 1471 ;
537 1416 612 1459 cum
640 1396 728 1458 illius
756 1396 790 1458 in
816 1416 870 1457 me
897 1394 1069 1476 perfidiam
1112 1433 1115 1437 ι

26 1501 210 1584 increparet
244 1503 377 1565 auditus
410 1512 463 1566 est
495 1524 617 1585 magno
654 1503 789 1567 silentio
821 1502 1067 1566 malevolorum.

28 1610 215 1692 Respondit
244 1611 276 1673 ei
300 1611 519 1673 vehementer
544 1611 746 1693 Pompeius,'
765 1611 990 1693 Crassumque
1017 1611 1070 1673 de-

27 1718 167 1799 scripsit,
182 1718 333 1800 dixitque
346 1727 462 1799 aperte
477 1740 512 1781 se
525 1719 740 1781 munitiorem
757 1720 799 1782 ad
816 1719 1069 1782 custodiendam

26 1826 124 1889 vitam
139 1847 234 1889 suam
251 1826 324 1889 fore
338 1848 436 1909 quam
452 1827 634 1891 Africanus
651 1827 783 1902 fuisset,
796 1847 894 1909 quem
909 1827 946 1891 C.
960 1827 1070 1890 Carbo

27 1933 259 1998 interemisset.
296 1934 415 2017 Itaque
432 1956 573 2017 magnae
590 1935 671 1997 mihi
689 1955 742 1999 res
759 1936 824 1998 iam
842 1936 966 1997 moveri
983 1935 1070 1998 vide·
1088 1959 1104 2005 4

27 2042 160 2120 bantur;
197 2063 274 2106 nam
307 2042 485 2125 Pompeius
519 2043 601 2107 haec
630 2043 796 2126 intellegit
829 2044 1070 2126 nobiscumque

27 2151 258 2227 communicat,
287 2151 424 2214 insidias
454 2152 543 2214 vitae
576 2172 656 2215 suae
689 2152 770 2227 fieri,
797 2152 833 2216 C.
862 2152 1025 2215 Catonem
1051 2173 1070 2215 a

28 2257 148 2322 Crasso
165 2259 358 2334 sustentari,
380 2259 498 2323 Clodio
516 2260 693 2341 pecuniam
712 2260 927 2342 suppeditari,
946 2271 1070 2323 utrum-

27 2386 87 2447 que
104 2376 138 2430 et
156 2368 198 2430 ab
215 2387 255 2430 eo
281 2378 313 2429 et
339 2389 358 2430 a
385 2367 540 2442 Curione,
562 2368 682 2430 Bibulo
709 2368 897 2450 ceterisque
921 2369 990 2431 suis
1015 2369 1071 2431 ob·

28 2475 262 2538 trectatoribus
280 2475 478 2550 confirmari,
499 2475 719 2538 vehementer
738 2497 813 2539 esse
829 2476 1070 2558 providendum

28 2602 66 2643 ne
81 2584 298 2664 opprimatur,
318 2583 526 2646 contionario
546 2583 601 2645 illo
619 2585 742 2666 populo
762 2605 781 2646 a
806 2604 843 2647 se
868 2605 971 2666 prope
995 2585 1071 2648 alie-

58 2774 78 2822 3.
96 2761 134 2810 ad
159 2761 314 2824 Apollinis:
338 2760 369 2810 cf.
388 2778 404 2810 a
428 2761 519 2817 Vestae,
575 2759 705 2808 therefore
729 2759 816 2822 please
842 2759 887 2807 the
915 2759 1070 2809 democrats.

30 2825 71 2886 Ep.
93 2828 173 2876 XIII.
195 2843 208 2875 2
228 2844 252 2875 n.
261 2856 295 2864 -
305 2835 337 2877 ut
363 2828 520 2890 Pompeius
574 2827 758 2874 —Crassum
770 2825 935 2888 descripsit:
949 2827 987 2873 tle.
1001 2827 1071 2881 with·

28 2893 158 2942 adesset:
182 2894 253 2942 since
278 2894 415 2958 Pompey’s
438 2895 521 2942 house
575 2900 622 2940 out
632 2893 794 2953 mentioning
803 2892 843 2939 his
852 2906 1070 2955 name-quem

28 2973 74 3006 was
91 2959 220 3024 probably
231 2975 294 3008 near
306 2960 350 3008 the
365 2962 455 3009 Circus
464 2961 521 3007 Fla·
577 2960 607 3007 C.
628 2960 722 3007 Carbo
745 2958 958 3007 interemisset:
983 2959 1070 3022 Scipio

29 3027 128 3085 minius,
142 3026 194 3075 this
212 3034 393 3089 arrangement
411 3023 521 3074 enabled
576 3025 715 3074 Africanus
734 3025 821 3072 Minor
834 3040 887 3073 was
903 3024 986 3072 found
1003 3024 1071 3073 dead

29 3087 76 3138 him
88 3099 116 3140 to
126 3091 205 3140 avoid
218 3093 262 3140 the
272 3091 406 3155 dangerof
417 3093 522 3154 coming
574 3091 600 3138 in
621 3091 662 3140 his
685 3091 744 3147 bed,
763 3090 815 3138 and
835 3090 961 3155 probably
978 3091 1038 3140 died
1055 3107 1072 3140 a

29 3157 137 3221 through
156 3159 201 3207 the
219 3159 272 3224 city
284 3166 312 3206 to
330 3159 375 3207 the
390 3161 477 3208 Curia.
488 3186 522 3193 -
573 3158 676 3206 natural
692 3157 788 3216 death;
805 3157 851 3205 but
869 3158 913 3205 the
930 3165 1071 3207 statement

31 3223 106 3272 Cato:
126 3225 172 3274 the
185 3225 302 3284 tribune;
323 3226 355 3274 cf.
372 3239 381 3272 1
396 3241 420 3273 n.
431 3253 465 3260 -
474 3238 520 3273 me
574 3223 602 3271 of
616 3225 732 3289 Pompey
743 3240 796 3272 was
809 3224 853 3272 the
865 3225 1030 3287 explanation
1043 3225 1071 3272 of

30 3287 123 3340 invito:
143 3292 236 3340 Cicero
251 3290 296 3340 did
313 3300 359 3340 not
371 3291 435 3340 wish
448 3298 476 3340 to
489 3290 521 3338 be
573 3290 613 3339 his
632 3290 740 3340 decease
755 3290 839 3339 which
858 3290 902 3339 the
921 3291 1070 3340 aristocrats

30 3354 109 3405 drawn
133 3358 191 3406 into
215 3359 260 3406 the
284 3357 520 3420 dispute.-inius
573 3372 638 3419 gave
652 3357 694 3405 for
711 3365 787 3422 party
798 3372 932 3420 purposes.
969 3357 1000 3405 In
1018 3357 1070 3406 this

31 3421 55 3468 in
77 3438 122 3472 me
147 3425 317 3488 perfidiam:
346 3425 372 3472 in
401 3425 522 3485 allowing
573 3438 633 3472 case
647 3423 849 3488 Pompeyisthe
862 3423 1008 3480 Africanus,
1019 3423 1070 3471 and

31 3487 115 3537 Cicero
132 3499 160 3538 to
179 3491 212 3538 be
230 3489 521 3554 banished.-magno
575 3489 604 3536 C.
630 3490 706 3546 Cato,
731 3490 840 3554 secretly
865 3487 1009 3552 supported
1037 3490 1071 3554 by

32 3555 140 3606 silentio
158 3556 377 3606 malevolorum:
396 3572 413 3604 a
426 3557 520 3620 speech
574 3555 694 3616 Crassus,
708 3557 753 3604 the
766 3555 860 3604 Carbo.

30 3619 51 3665 in
74 3623 156 3671 which
182 3625 298 3688 Pompey
321 3638 372 3672 was
395 3621 521 3672 censured
607 3637 629 3682 4.
649 3623 827 3671 contionario
840 3621 888 3670 illo
900 3622 1018 3684 populo:
1035 3623 1069 3671 cf.

31 3687 76 3734 and
98 3689 192 3738 Cicero
220 3688 324 3752 praised
347 3688 433 3738 would
459 3689 522 3738 tend
574 3689 723 3736 contionalis
743 3689 837 3735 hirudo
854 3691 949 3744 aerari,
969 3689 1016 3752 Ep.
1036 3690 1068 3737 V.
1160 3732 1168 3748 ,

31 3759 55 3798 to
66 3756 141 3804 make
153 3756 225 3804 them
239 3756 360 3811 enemies,
373 3755 425 3804 and
437 3754 522 3804 would
576 3768 601 3801 11
615 3770 638 3801 n.
648 3784 680 3791 -
689 3754 813 3816 populo.
828 3789 835 3802 .
849 3754 999 3814 ‚alienat0,
1009 3763 1069 3805 ete:
