2575 4200
35 292 194 359 ranas]
373 290 541 343 crcuno’s
567 290 741 340 narrans.
1036 285 1084 337 199

34 466 107 546 ipse
123 462 345 545 temporibus.
388 462 440 525 Ita
457 482 519 524 nec
537 460 592 524 ille
609 460 689 543 quid
706 468 858 540 tempora
874 457 1085 539 postulatura

34 572 103 634 sint
129 592 192 635 nec
218 591 279 633 nos
297 570 376 653 quid
402 569 457 632 ille
482 568 609 652 cogitet
635 568 722 631 scire
747 587 936 649 possumus.
988 566 1084 629 Haec

33 679 97 743 tibi
113 690 215 743 antea
231 699 299 741 non
317 677 483 760 rescripsi,
503 697 570 739 non
588 697 654 758 quo
672 685 821 739 cessator
837 694 913 738 esse
929 674 1081 750 solerem,

34 788 233 871 praesertim
252 788 286 850 in
302 786 434 861 litteris,
454 786 523 861 sed,
542 806 618 849 cum
636 783 798 866 explorati
815 783 898 846 nihil
914 784 1082 859 haberem,

35 918 98 961 nec
123 896 185 960 tibi
211 894 471 959 sollicitudinem
500 914 541 957 ex
564 892 775 957 dubitatione
804 913 879 955 mea
902 913 965 957 nec
990 914 1084 976 spem

37 1026 76 1067 ex
93 1004 326 1069 adfirmatione
342 1003 473 1067 adferre
490 1002 588 1066 volui.
641 1002 728 1066 Illud
752 1012 866 1065 tamen
886 1002 1083 1077 adscribam,

38 1115 125 1196 quod
144 1122 197 1176 est
212 1112 434 1187 verissimum,
454 1132 507 1175 me
524 1110 577 1174 his
593 1111 802 1193 temporibus
827 1111 936 1174 adhuc
953 1111 995 1173 de
1019 1110 1085 1173 isto

38 1221 184 1302 periculo
213 1220 297 1283 nihil
325 1220 469 1284 audisse.
522 1220 576 1283 Tu
604 1229 718 1282 tamen
746 1239 807 1302 pro
834 1229 894 1283 tua
921 1218 1086 1301 sapientia

38 1329 176 1393 debebis
201 1338 317 1411 optare
341 1328 478 1410 optima,
497 1329 647 1411 cogitare
662 1328 866 1405 difficillima,
884 1328 973 1391 ferre
989 1347 1086 1410 quae·

39 1457 181 1521 cumque
206 1447 314 1501 erunt.

383 1596 493 1660 LXV.
530 1597 634 1684 (Fam.
652 1597 684 1661 6.
702 1598 749 1680 6.)

268 1770 305 1820 Μ.
330 1770 469 1820 CICERO
494 1771 520 1820 S.
545 1772 579 1819 Ι),
604 1774 636 1820 Α.
661 1770 863 1820 CAECINAE.

85 1904 213 1969 Vereor
230 1924 273 1967 ne
293 1904 462 1967 desideres
480 1904 626 1967 officium
647 1925 815 1968 meum—
827 1905 916 1987 quod
940 1904 1002 1968 tibi
1026 1924 1086 1987 pro
1106 1926 1117 1960 1

46 2024 156 2077 nostra
183 2023 216 2076 et
246 2012 441 2076 meritorum
470 2014 650 2076 multorum
680 2022 713 2075 et
743 2013 929 2077 studiorum
957 2013 1085 2095 parium

48 2122 279 2186 coniunctione
303 2122 423 2185 deesse
455 2142 522 2184 non
556 2123 666 2197 debet,
684 2123 802 2185 -sed
833 2132 946 2186 tamen
971 2142 1088 2186 vereor

48 2251 85 2292 ne
101 2231 288 2294 litterarum
305 2250 325 2293 a
344 2250 398 2293 me
420 2230 566 2294 officium
591 2231 750 2313 requiras,
770 2252 853 2314 quas
877 2231 939 2294 tibi
963 2241 997 2294 et
1022 2231 1087 2293 iam

48 2340 168 2419 pridem
194 2348 227 2402 et
254 2358 353 2420 saepe
378 2338 554 2415 misissem,
574 2339 639 2402 nisi
664 2340 787 2402 cotidie
811 2340 930 2402 melius
954 2318 1088 2421 exspec-

49 2457 119 2511 tans
152 2447 410 2530 gratulationem
443 2468 542 2529 quam
583 2447 871 2511 confirmationem
904 2448 1006 2510 animi
1037 2448 1087 2510 tui

79 2615 100 2665 3.
119 2611 266 2652 cessator:
284 2603 317 2652 cf.
336 2604 400 2652 Intr.
413 2603 539 2668 75.-de
592 2601 654 2650 ered
674 2602 719 2651 the
739 2602 842 2650 oration
859 2609 912 2664 pra
936 2603 1044 2650 Caecina
1060 2602 1087 2649 in

50 2666 101 2716 isto
118 2670 261 2731 periculo:
279 2670 312 2718 cf.
325 2673 356 2719 de
367 2671 422 2718 istis
434 2671 540 2718 munz'ci-
591 2668 624 2730 69
643 2681 693 2716 Bc.
729 2669 822 2716 Cicero
840 2676 920 2716 wrote
940 2676 992 2716 two
1013 2668 1089 2717 other

48 2736 102 2794 piis,
115 2750 134 2784 1.
591 2735 682 2783 letters
705 2742 733 2782 to
757 2734 801 2782 the
830 2750 946 2799 younger
975 2735 1089 2783 Caecina

81 2802 161 2850 LXV.
192 2804 285 2860 Rome,
316 2804 387 2866 Sept.
412 2819 443 2852 or
471 2803 538 2858 Oct,
593 2801 652 2864 (viz.
666 2803 738 2849 Fam.
751 2800 774 2849 6.
789 2813 802 2866 5
820 2800 872 2848 and
887 2800 923 2863 8),
935 2816 987 2849 one
1004 2802 1030 2848 in
1048 2801 1089 2849 his

50 2866 79 2924 46
106 2880 155 2917 Bc.
190 2870 223 2917 A.
248 2870 368 2925 Caecina,
392 2869 539 2919 descended
591 2867 681 2916 behalf
694 2868 777 2931 (Fam.
792 2881 830 2931 ¹3·
843 2867 894 2928 66),
907 2867 959 2915 and
971 2867 1089 2916 received

50 2931 112 2982 hom
121 2951 154 2984 an
163 2935 208 2984 old
221 2936 348 2985 Etruscan
357 2934 454 2999 family,
462 2951 540 2984 wasa
592 2949 641 2982 one
653 2934 721 2981 from
740 2934 794 2981 him
808 2935 891 2998 (Fam.
904 2933 927 2982 6.
940 2935 975 2997 7).

51 3013 104 3048 man
122 3000 151 3049 ot
167 3001 347 3051 considerable
365 3002 461 3066 ability,
474 3001 539 3050 both
627 3016 648 3049 1.
665 3001 826 3050 studiorum
835 3001 963 3064 parium:
976 3001 1089 3049 Caecina

52 3067 196 3117 asawriter
208 3068 259 3117 and
271 3084 346 3117 asan
365 3075 461 3116 orator.
497 3068 538 3117 Cf.
590 3084 643 3117 was
656 3067 834 3130 anauthority
851 3083 920 3130 upon
938 3068 983 3116 the
1001 3068 1089 3116 Etrus·

54 3130 105 3180 Sen.
128 3136 190 3183 Nat.
219 3135 319 3194 Quaest.
345 3149 366 3182 2.
393 3134 430 3201 56.
457 3149 466 3182 1
496 3136 540 3183 hoc
591 3133 755 3184 canmethod
768 3134 797 3181 of
809 3134 978 3196 interpreting
989 3149 1088 3190 omens,

52 3201 116 3258 apud
129 3203 263 3250 Caecinam
276 3203 385 3259 invenie,
390 3203 538 3266 facundum
591 3201 642 3249 and
652 3201 704 3251 had
712 3202 813 3250 written
823 3216 839 3249 a
847 3200 927 3258 book,
937 3202 967 3248 de
975 3202 1088 3248 Etrusca

53 3266 130 3315 vinem
149 3275 174 3316 et
191 3270 239 3331 qui
258 3269 385 3316 habuisset
400 3270 541 3332 aliquanda
591 3270 747 3331 Disciplina,
760 3269 835 3318 while
854 3267 954 3324 CicerO,
968 3267 1035 3315 after
1048 3266 1088 3313 his

55 3330 78 3376 in
99 3335 238 3398 eloquentia
267 3350 366 3392 namen,
389 3337 441 3382 nisi
462 3336 538 3383 illum
591 3336 720 3384 elevation
750 3344 778 3384 to
809 3336 853 3385 the
879 3341 1013 3397 augurate,
1036 3332 1088 3380 had

56 3398 174 3470 drinonis
186 3402 277 3449 umbra
285 3403 424 3463 pressisset.
444 3402 475 3449 In
486 3401 540 3450 fact
591 3401 732 3451 interested
758 3401 863 3451 himself
889 3403 915 3449 in
944 3401 989 3449 the
1017 3415 1088 3448 same

54 3471 71 3508 lt
88 3481 135 3515 was
158 3467 199 3516 his
223 3483 315 3516 course
338 3483 367 3516 as
387 3483 403 3516 a
424 3467 540 3530 political
591 3469 660 3518 class
672 3468 701 3516 of
718 3468 842 3531 subjects,
854 3468 906 3517 and
924 3467 976 3516 had
988 3466 1089 3513 written

56 3533 229 3594 pamphleteer,
243 3533 330 3582 rather
347 3534 410 3582 than
423 3550 452 3583 as
464 3549 480 3582 a
492 3535 541 3583 sol·
592 3549 608 3582 a
620 3536 725 3583 treatise
737 3535 821 3584 called
833 3536 863 3582 de
876 3535 1011 3597 Auguria.
1046 3532 1088 3579 Cf.

57 3593 109 3654 dier,
126 3600 208 3648 which
226 3598 268 3648 led
287 3600 385 3648 Caesar
403 3609 430 3648 to
447 3600 540 3648 banish
592 3600 649 3650 also
667 3603 741 3650 Fam.
759 3600 782 3650 6.
799 3616 823 3663 9.
839 3601 1088 3649 r.—litterarum:

56 3659 101 3710 him
114 3664 155 3726 (cf.
169 3667 242 3715 Suet.
255 3667 306 3714 lul.
319 3667 371 3730 75).
394 3667 437 3715 He
449 3683 502 3715 was
514 3675 541 3714 at
593 3667 658 3716 used
676 3683 704 3716 as
722 3683 739 3716 a
755 3668 852 3730 plural;
871 3667 904 3715 cf.
923 3668 1021 3724 litteris,
1040 3665 1089 3728 Ep.

58 3727 101 3776 this
112 3733 171 3780 time
183 3733 209 3780 in
229 3731 314 3797 Sicily.
350 3734 375 3782 It
387 3747 440 3782 was
456 3733 483 3781 in
501 3734 556 3781 his'
593 3732 968 3783 XCIX.rn.—melius:cf.
974 3732 1089 3796 prolixe,

57 3791 151 3846 fathers
168 3797 259 3846 behalf
281 3799 337 3847 that
355 3799 447 3848 Cicero
466 3799 543 3848 deliv·
594 3799 642 3862 Ep.
656 3800 733 3847 XXI.
748 3813 757 3846 1
773 3815 798 3846 η.
