2575 4200
29 277 97 326 Fam.
112 291 134 340 9
148 274 185 342 9.]
368 273 535 325 CICERO¹S
562 274 736 327 LETTERS.
1028 273 1076 328 179

28 447 199 526 praeterea
223 445 411 509 rectissime
437 454 515 507 sunt
540 446 627 527 apud
653 455 688 508 te
713 446 832 509 omnia.
884 447 960 510 Etsi
984 447 1075 511 nullo

27 565 176 635 tempore
194 553 228 616 in
246 553 471 635 suspicionem
489 553 551 616 tibi
564 554 665 616 debui
678 555 802 629 venire,
818 555 962 636 partium
976 576 1076 620 causa

27 663 135 743 potius
161 683 261 745 quam
286 671 344 724 tua
370 661 432 725 tibi
456 662 596 724 suadere
620 671 658 724 ut
683 671 717 724 te
742 671 798 725 aut
826 683 901 726 cum
931 663 1075 727 Caesare

26 771 267 853 nobiscumque
290 769 510 851 coniungeres
535 779 591 832 aut
617 780 711 833 certe
735 770 768 832 in
794 771 899 834 otium
921 772 1072 848 referres,

26 879 203 960 praecipue
228 899 317 941 nunc
342 877 407 940 iarn
432 878 593 941 inclinata
613 879 753 941 victoria
777 899 820 942 ne
845 900 980 961 possum
1005 881 1073 963 qui-

25 990 96 1051 dem
127 990 163 1052 in
190 989 290 1052 ullam
316 989 413 1052 aliam
441 988 589 1052 incidere
618 989 810 1072 opinionem
838 991 902 1055 nisi
928 991 962 1053 in
987 1013 1070 1067 eam,

25 1117 86 1178 qua
111 1098 242 1161 scilicet
270 1097 332 1160 tibi
366 1099 506 1160 suadere
531 1098 644 1161 videar
670 1101 757 1182 quod
790 1099 843 1182 pie
868 1109 980 1163 tacere
1006 1121 1071 1162 non

24 1206 159 1284 possim.
210 1206 263 1267 Tu
288 1215 410 1280 autem,
437 1206 482 1268 mi
508 1205 636 1281 Cicer0‚
666 1208 713 1271 sic
742 1208 824 1270 haec
850 1208 994 1289 accipies
1023 1218 1069 1283 ut,

25 1313 92 1376 sive
109 1315 343 1395 probabuntur
359 1313 421 1376 tibi
438 1315 508 1377 sive
527 1335 594 1379 non
620 1317 859 1397 probabuntur,
878 1317 920 1378 ab
944 1317 1071 1398 optimo

25 1431 113 1484 certe
138 1423 252 1485 animo
276 1442 314 1486 ac
332 1422 541 1485 deditissimo
568 1423 631 1486 tibi
657 1434 690 1486 et
716 1424 864 1507 cogitata
888 1433 922 1486 et
947 1426 1072 1506 scripta

25 1549 96 1592 esse
113 1530 251 1593 iudices
302 1528 554 1605 Animadvertis
580 1531 639 1594 Cn.
662 1532 855 1613 Pompeium
881 1553 943 1595 nec
968 1534 1103 1595 nomi-2

25 1637 73 1698 nis
91 1638 144 1700 sui
162 1657 225 1701 nec
242 1657 351 1700 rerum
369 1647 540 1719 gestarum
566 1638 671 1720 gloria
696 1661 803 1723 neque
828 1641 928 1703 etiarn
954 1662 1068 1722 regum

25 1763 59 1806 ac
88 1746 262 1808 nationum
292 1744 456 1808 clientelis
484 1768 567 1829 quas
596 1757 768 1811 ostentare
797 1750 913 1821 crebro
939 1749 1068 1811 solebat

25 1872 97 1915 esse
113 1863 235 1928 tutum,
255 1862 289 1915 et
306 1854 369 1916 hoc
387 1855 497 1929 etiarn,
517 1857 604 1937 quod
632 1856 746 1919 infimo
771 1857 891 1939 cuique
915 1857 1066 1938 contigit,

25 1959 67 2020 illi
94 1981 162 2022 non
188 1980 287 2042 posse
311 1962 517 2044 contingere,
545 1973 581 2025 ut
607 1964 749 2027 honeste
774 1965 925 2046 effugere
950 1965 1065 2045 possit,

25 2068 115 2149 pulso
134 2069 242 2144 Italia,
259 2069 391 2133 amissis
410 2070 595 2153 Hispaniis,
616 2082 714 2154 capto
732 2073 880 2136 exercitu
896 2082 1065 2148 veterano

25 2176 269 2239 circumvallato
295 2198 385 2241 nunc
403 2180 556 2262 denique,
577 2183 664 2262 quod
690 2182 803 2245 nescio
828 2203 869 2244 an
895 2181 975 2243 nulli
1000 2203 1067 2244 urn-

27 2339 61 2387 16.
78 2352 141 2405 15.1
163 2342 186 2387 is
202 2342 248 2387 etri
262 2342 330 2389 mihi
346 2341 517 2388 nuntiavere

23 2407 96 2465 plane
103 2408 179 2470 febri
194 2422 280 2455 carere
297 2414 321 2455 et
337 2408 396 2455 belle
408 2406 498 2453 habere
504 2421 516 2463 ;

23 2479 67 2533 pra
84 2474 158 2521 Mur.
180 2486 210 2533 14
228 2473 285 2521 bene
304 2474 382 2521 habet.
419 2474 441 2520 A
460 2473 518 2520 sirn-

23 2538 67 2585 ilar
94 2539 193 2602 ellipsis
217 2554 307 2588 occurs
330 2540 356 2587 in
380 2539 517 2602 colloquial

24 2604 98 2652 Latin
111 2605 175 2653 with
185 2607 281 2669 facere,
294 2622 374 2668 agere,
388 2613 517 2667 capessere,

23 2673 131 2730 probare,
156 2674 273 2735 recipere,
300 2680 347 2721 etc.
360 2701 394 2708 —
407 2680 517 2721 certum

23 2738 98 2786 scio:
118 2738 177 2786 that
189 2745 284 2786 certum
300 2739 326 2787 in
339 2739 384 2787 the
396 2754 518 2787 common

23 2802 127 2865 phrases
151 2802 252 2853 certum'
276 2808 325 2855 scio
348 2805 400 2853 and
422 2813 517 2854 certum

23 2874 100 2919 neseio
109 2872 132 2921 is
142 2887 176 2920 an
190 2870 286 2923 adverb
298 2873 320 2921 is
333 2872 436 2921 evident
448 2872 518 2919 from

23 2936 73 2986 Cic.
82 2946 135 3000 pra
147 2940 252 2996 Scauro,
266 2953 298 3002 34
309 2942 356 3003 qui
371 2941 423 2986 sim
434 2940 518 3000 patri·

23 3006 71 3051 rius
94 3008 148 3054 sive
172 3006 286 3067 plebeius
311 3013 378 3063 esset,
403 3007 516 3053 nandum

23 3073 85 3119 enim
96 3079 194 3121 certum
205 3075 379 3129 constr'tuerat;
390 3072 454 3120 Hor.
464 3074 517 3121 Sat.

23 3149 43 3183 2.
61 3138 82 3186 6.
104 3152 134 3199 ²7
149 3140 286 3201 postmodo,
304 3141 375 3201 quad
394 3140 432 3187 mi
450 3140 517 3195 obsit,

23 3204 86 3251 clare
103 3212 251 3269 certumque
268 3206 348 3253 laculo
357 3220 367 3261 ;
387 3220 408 3253 2.
429 3219 450 3269 5.
472 3219 518 3253 100

23 3278 112 3319 certum
150 3273 263 3333 vegetans
305 3271 472 3335 (Hofmann).
486 3299 519 3307 -

23 3338 185 3387 rectissime
204 3346 289 3387 sunt:
313 3338 346 3386 cf.
360 3339 423 3385 Intr.
435 3338 475 3402 85.
486 3366 519 3373 —

23 3405 159 3453 suadere:
177 3405 203 3451 in
219 3404 367 3467 apposition
380 3413 409 3453 to
422 3405 519 3468 suspi-

23 3469 146 3529 cionem;
159 3470 193 3519 cf.
203 3472 321 3528 accedere,
331 3472 378 3533 Ep.
390 3473 417 3519 L.
429 3486 443 3535 3
454 3487 478 3519 n.
486 3498 519 3505 —

23 3533 157 3586 inclinata
181 3537 309 3596 victoria,
334 3539 401 3585 since
423 3540 519 3599 victory

23 3602 68 3649 has
76 3605 182 3665 already
193 3605 288 3651 turned
297 3602 375 3666 (from
388 3604 432 3652 the
446 3606 520 3652 Pom-

23 3669 131 3732 peians).
139 3698 173 3705 —
182 3670 222 3718 mi
233 3670 344 3718 Cicero:
358 3671 390 3718 cf.
401 3672 439 3717 mi
449 3673 520 3718 Pom-

23 3738 87 3794 poni,
99 3738 147 3799 Ep.
159 3737 193 3783 X.
204 3751 228 3782 n.
237 3764 270 3771 —
279 3740 315 3785 ab
328 3738 436 3785 animo:
450 3743 519 3784 most

23 3800 119 3851 editors
131 3802 215 3851 striks
225 3811 271 3851 out
284 3806 329 3862 ab,
339 3804 386 3851 but
397 3804 441 3851 the
453 3803 520 3867 style

574 2339 602 2385 of
612 2339 751 2387 Dolabella
759 2340 781 2387 is
792 2355 852 2404 very
861 2339 1007 2401 colloquial,
1016 2338 1066 2386 and

573 2405 618 2453 the
643 2407 718 2453 Latin
743 2406 771 2453 of
797 2405 925 2470 everyday
948 2405 992 2453 life
1015 2420 1068 2453 was

572 2470 637 2518 fond
658 2480 705 2520 not
728 2473 789 2536 only
806 2473 834 2519 of
857 2472 1067 2534 personification

573 2538 599 2585 in
614 2540 726 2601 general,
738 2538 785 2587 but
803 2539 832 2586 of
849 2539 893 2586 the
911 2545 1068 2600 representa-

573 2604 629 2652 tion
642 2605 671 2652 οἱ
683 2606 727 2653 the
739 2605 880 2653 individua]
893 2604 927 2669 by
936 2605 987 2653 this
997 2604 1067 2653 word

572 2674 696 2729 animus;
715 2672 748 2720 cf.
760 2675 847 2719 anime
863 2673 902 2718 mi
918 2674 969 2734 (ag.
984 2672 1066 2719 Plaut.

576 2738 651 2785 Cure.
667 2738 712 2802 165
724 2756 730 2796 ;
743 2740 812 2787 Men.
826 2738 882 2799 182)
893 2754 922 2785 as
934 2753 950 2785 a
963 2747 1027 2786 term
1040 2737 1069 2784 of

572 2804 750 2861 endearment3
762 2805 795 2852 cf.
804 2806 860 2853 also
869 2806 916 2866 Ep.
926 2805 1067 2852 LXXVII.

574 2884 584 2917 1
606 2874 758 2932 praesertim
779 2873 820 2918 vel
834 2872 922 2919 anima
939 2872 1069 2935 defetigata

572 2945 613 2985 tua
630 2940 677 3000 qui
695 2954 765 2985 nunc
785 2940 895 3001 requiem
914 2945 1022 2999 quaerat
1036 2954 1068 2985 ex

572 3006 673 3068 magnis
691 3005 909 3066 occupationibus;
929 3006 976 3066 Ep.
996 3004 1067 3051 LXI.

572 3070 587 3119 8
606 3074 662 3119 vala
684 3074 751 3119 enim
775 3073 860 3119 videre
881 3072 999 3118 animum
1024 3072 1070 3133 qui

572 3140 640 3186 milei
654 3139 746 3185 audeat
756 3140 804 3186 ista
818 3172 823 3182 .
837 3174 842 3183 .
857 3173 861 3183 .
874 3144 1006 3199 apponere.

607 3219 628 3251 2.
653 3212 799 3253 ostentare
821 3207 920 3253 crebro
940 3203 1068 3252 solebat:

572 3270 604 3318 cf.
616 3272 680 3319 Intr.
691 3285 729 3334 79.
738 3300 771 3306 —
780 3270 872 3318 Italia:
884 3270 926 3317 for
937 3287 968 3317 ex
981 3271 1068 3318 [talea.

573 3337 666 3385 Cicero
678 3353 757 3385 never
768 3337 846 3384 omits
862 3354 894 3384 ex
906 3336 966 3384 with
979 3351 1069 3384 names

572 3404 601 3450 of
618 3404 757 3460 countries,
771 3404 830 3459 and,
843 3404 903 3451 with
921 3403 965 3451 the
981 3418 1070 3465 excep·

573 3470 627 3517 tion
636 3471 665 3517 of
674 3486 724 3517 one
732 3486 841 3532 passage
849 3471 874 3517 in
884 3470 980 3517 Caesar
990 3471 1032 3531 (B.
1042 3471 1068 3518 C.

573 3551 595 3600 3.
619 3536 669 3600 58),
688 3537 800 3599 perhaps
824 3537 868 3585 the
891 3536 1069 3585 construction

572 3602 636 3651 does
650 3610 696 3650 not
709 3618 787 3651 occur
796 3603 821 3650 in
832 3618 909 3666 prose
919 3603 994 3665 again
1006 3602 1070 3650 until

574 3686 610 3717 we
623 3670 699 3717 reach
715 3670 799 3717 Silver
813 3670 938 3717 Latin-
947 3670 1071 3717 circum-

572 3736 697 3785 vallato:
717 3752 732 3783 a
749 3735 844 3784 dative.
885 3738 1000 3800 Pompey
1018 3751 1070 3784 was

573 3802 737 3850 surrounded
760 3802 794 3866 by
817 3802 936 3850 Caesar’s
964 3802 1069 3859 forces3
