2575 4200
224 296 272 348 130
561 299 729 351 cranaos
754 301 929 352 narrans.
1067 303 1127 369 [ap.
1142 298 1275 352 xxx*l

222 467 336 531 nescio
353 467 431 551 quid
448 468 683 551 gratulationis
697 480 730 532 et
749 471 885 533 honoris
892 452 918 534 'a
934 480 1054 534 senatu
1070 472 1163 534 tanti
1184 468 1273 539 aest?

222 596 319 640 mem.
369 576 481 659 Agam
498 576 564 639 iam
586 586 700 646 tecum
722 578 941 655 familiariter,
956 588 993 642 ut
1016 589 1067 643 est
1091 589 1124 642 et
1153 556 1274 647 studi}

222 693 256 747 et
273 683 390 748 officiis
408 685 533 748 nostris
559 685 686 749 mutuis
704 695 737 750 et
755 708 885 750 summa
909 687 1056 751 amicitia
1080 688 1233 771 dignum
1250 690 1275 754 l?

222 793 470 857 necessitudine
488 793 588 856 etiam
606 803 754 877 paterna.
794 795 831 859 Si
845 795 1021 878 quisquam
1034 796 1100 859 tuit
1113 800 1266 879 umquai

222 911 370 965 remotus
393 911 426 965 et
449 911 570 965 natura
586 912 619 966 et
636 903 744 985 magis
762 903 872 979 etiam,
888 913 927 966 ut
945 904 1028 966 mihi
1047 904 1190 985 quidem
1210 908 1266 968 serl

87 1015 89 1024 ’
133 1079 135 1082 ,
221 1010 285 1072 tire
310 1011 433 1085 videor,
461 1011 591 1073 ratione
620 1020 722 1093 atque
750 1012 904 1076 doctrina
927 1013 969 1074 ab
995 1012 1086 1075 inani
1113 1010 1267 1075 lauded

222 1119 431 1181 sermonibus
459 1118 561 1201 vulgi,
591 1139 655 1201 ego
684 1119 837 1202 profecto
866 1120 893 1189 is
922 1141 1006 1184 sum.
1071 1120 1193 1183 Testis
1229 1134 1268 1182 es

222 1227 416 1290 consulatus
439 1247 544 1302 meus,
565 1227 597 1289 in
615 1248 691 1310 quo,
712 1227 798 1292 sicut
817 1228 850 1290 in
868 1228 996 1310 reliqua
1011 1227 1089 1303 vita,
1107 1228 1227 1297 fateor
1243 1244 1269 1290 et

223 1356 275 1398 me
292 1336 443 1398 studiose
460 1345 613 1399 secutum
628 1337 804 1419 exquibus
817 1357 897 1402 vera
912 1336 1017 1419 gloria
1034 1337 1127 1405 nasci
1145 1345 1269 1419 posset

222 1444 327 1525 ipsam
345 1444 478 1526 quidem
497 1444 636 1526 gloriam
653 1465 714 1526 per
731 1465 767 1508 se
784 1465 965 1528 numquam
983 1445 1097 1526 putavi
1114 1454 1272 1526 expeten-

215 1534 307 1615 dam.
371 1553 489 1634 ltaque
522 1562 556 1614 et
588 1553 794 1635 provinciam
827 1562 979 1616 ornatam
1013 1561 1046 1615 et
1075 1573 1171 1635 spem
1209 1571 1271 1614 non

222 1660 356 1723 dubiam
385 1660 546 1742 triumphi
574 1660 718 1742 neglexi,
748 1662 972 1724 sacerdotium
999 1660 1156 1742 denique,
1186 1681 1274 1734 cum,

223 1770 500 1850 quemadmodum
526 1778 561 1831 te
587 1769 779 1831 existimare
804 1769 956 1843 arbitror,
984 1789 1051 1831 non
1076 1767 1272 1832 difficillime

223 1877 383 1958 consequi
416 1897 560 1958 possem,
592 1898 660 1939 non
694 1877 857 1959 appetivi;
889 1878 977 1940 idem
1010 1885 1086 1959 post
1116 1876 1274 1938 iniuriam

223 1995 394 2066 acceptam
411 2006 509 2066 quam
527 1995 564 2046 tu
587 1985 635 2047 rei
660 2006 691 2067 p.
711 1986 935 2052 calamitatem
957 1964 1089 2065 semper
1111 1984 1274 2071 appellas,

223 2115 330 2156 meam
348 2114 415 2156 non
439 2094 537 2157 modo
562 2115 630 2156 non
655 2094 891 2170 calamitatem,
911 2094 970 2157 sed
993 2093 1094 2156 etiam
1119 2092 1273 2175 gloriam,¹

223 2202 335 2265 studui
358 2222 457 2283 quam
483 2202 696 2265 ornatissima
721 2212 858 2265 senatus
882 2201 1064 2285 populique
1088 2202 1130 2265 R.
1155 2202 1252 2263 dem

223 2310 344 2373 iudicia
368 2310 585 2373 intercedere.
638 2311 757 2393 Itaque
779 2319 812 2373 et
836 2331 942 2392 augur
958 2318 1077 2392 postea
1093 2309 1166 2371 fieri
1184 2306 1268 2370 volui

223 2420 310 2500 quod
334 2428 434 2481 antea
457 2419 680 2499 neglexeram,
700 2427 733 2481 et
759 2438 834 2481 eum
860 2418 1020 2480 honorem
1041 2416 1098 2499 qui
1116 2437 1137 2478 a
1153 2423 1267 2479 senatu

223 2526 323 2590 tribui
349 2527 448 2590 rebus
473 2526 603 2590 bellicis
628 2526 723 2602 solet,
742 2525 935 2607 neglectum
959 2546 977 2587 a
1000 2545 1053 2587 me
1073 2524 1163 2599 olim,
1184 2541 1266 2597 nunc

174 2658 204 2705 14
223 2635 306 2697 mihi
327 2636 550 2716 expetendum
576 2644 669 2716 puto,
720 2634 811 2697 Huic
836 2653 931 2695 meae
954 2631 1131 2706 voluntati,
1151 2631 1265 2731 inqua

258 2816 295 2865 ¹3·
313 2802 431 2851 honoris
444 2816 461 2850 a
474 2810 588 2851 senatu:
604 2801 648 2849 the
660 2816 719 2849 con-

222 2869 326 2917 nection
345 2869 373 2916 of
397 2877 447 2917 two
465 2868 641 2917 substantives
659 2868 693 2932 by
704 2883 721 2917 a

222 2936 382 2998 preposition
403 2936 425 2983 is
443 2935 581 2998 especially
598 2935 734 2998 trequent¹

223 3003 248 3049 in
261 3003 305 3050 the
317 3018 376 3051 case
389 3002 418 3049 ol
428 3019 444 3049 a
458 3020 464 3061 ;
480 3001 513 3050 cf.
522 3003 545 3049 A
550 3002 720 3059 ntibarbarus‚

224 3070 244 3116 1.
257 3084 281 3131 p.
296 3069 334 3133 38.
371 3070 424 3117 For
440 3068 485 3116 the
502 3068 682 3116 construction
694 3067 720 3115 in

222 3138 334 3197 general,
351 3151 395 3185 see
417 3134 643 3197 Reisig-Schmalz,
662 3135 719 3181 Lat.

222 3204 284 3265 Syn.
297 3211 359 3251 note
377 3215 474 3266 512-
483 3200 662 3264 provinciam
674 3214 720 3248 or·

222 3277 331 3317 natam:
342 3269 374 3317 cf.
382 3270 412 3316 de
420 3270 545 3315 ornandis
549 3268 719 3329 praetoribus,

223 3337 270 3398 Ep.
285 3337 358 3384 XVI.
374 3349 383 3382 1
398 3350 423 3381 n.
465 3333 621 3382 Macedonia
632 3332 679 3381 fell
691 3340 720 3381 to

223 3403 315 3451 Cicero
327 3402 362 3468 by
373 3402 420 3458 lot,
433 3400 485 3448 and
504 3400 637 3462 Cisalpine
651 3399 719 3448 Gaul

222 3477 250 3517 to
275 3470 304 3517 C.
324 3468 463 3516 Antonius.
499 3468 539 3515 To
564 3482 655 3515 secure
675 3465 720 3513 the

221 3542 330 3598 support
351 3534 380 3583 of
405 3533 544 3589 Antonius,
563 3534 656 3581 Cicero
678 3547 718 3580 ex·

222 3601 340 3665 changed
357 3601 494 3664 provinces
512 3600 573 3649 with
591 3600 655 3656 him,
668 3597 720 3646 and

221 3669 357 3717 afterward
367 3667 487 3716 declined
498 3667 629 3729 Cisalpine
643 3665 719 3713 Gaul.

222 3736 274 3783 For
286 3735 396 3784 another
407 3740 548 3783 statement
561 3733 589 3781 ot
607 3732 648 3781 his
660 3731 721 3779 feel-

220 3802 278 3867 ings
291 3802 351 3851 with
365 3801 494 3853 reference
508 3809 535 3849 to
554 3816 570 3849 a
587 3797 718 3864 province,

772 2800 805 2849 cf.
818 2807 906 2849 contra
924 2801 1090 2855 voluntatem,
1104 2799 1152 2861 Ep.
1167 2796 1264 2845 xxlx.

775 2881 784 2914 1
797 2883 856 2915 n.-
864 2866 1070 2915 sacerdotium:
1083 2865 1128 2912 the
1137 2870 1262 2926 augurare.

774 2934 825 2981 But
847 2933 939 2981 Cicero
961 2932 1045 2980 writes
1063 2938 1092 2979 to
1114 2931 1227 2989 Atticus,
1240 2940 1264 2991 59

773 3011 839 3048 B.e.:
866 3002 896 3049 de
916 3001 972 3046 istis
992 3000 1065 3046 rebus
1084 3004 1198 3058 exspecta
1217 3003 1263 3043 tuas

771 3068 871 3114 litteras
889 3101 933 3112 ...
950 3066 1054 3113 cuinam
1072 3070 1218 3126 auguratus
1232 3062 1270 3110 ‹it-i

771 3132 887 3195 seratur,
906 3148 955 3195 quo
976 3132 1078 3194 quidem
1102 3145 1155 3178 uno
1178 3145 1221 3192 ego
1239 3123 1270 3198 ab}

771 3201 828 3247 istis
839 3200 897 3260 capi
902 3206 1016 3260 passum,
1030 3198 1083 3244 Att.
1097 3210 1119 3244 2.
1135 3208 1156 3261 5.
1171 3210 1194 3243 2.
1228 3194 1270 3252 Hei

772 3280 825 3313 was
841 3263 941 3313 elected
953 3279 969 3311 a
986 3262 1102 3312 member
1119 3262 1148 3311 ol
1165 3263 1211 3311 the
1222 3259 1260 3308 col·

772 3332 829 3393 lege
842 3331 871 3379 of
887 3346 984 3393 augurs
998 3330 1024 3378 in
1045 3344 1076 3394 53
1093 3341 1144 3377 lac.
1154 3357 1190 3364 —
1200 3328 1259 3376 iniu-

772 3398 845 3446 riam
857 3415 862 3445 :
873 3413 923 3446 one
930 3397 960 3445 of
969 3396 1084 3445 Cicero’s
1093 3395 1259 3457 euphemisns

772 3464 816 3511 lor
826 3466 954 3512 exsilium.
963 3492 997 3499 —
1009 3476 1106 3511 meam
1122 3461 1258 3510 calamita·

773 3538 884 3579 tem2sc.
893 3530 934 3579 his
942 3530 1123 3579 exile—eum
1131 3530 1256 3577 honorem

772 3598 822 3659 qui
843 3632 851 3645 .
876 3632 882 3644 .
908 3632 915 3645 .
937 3596 1027 3645 solet:
1046 3596 1091 3644 the
1109 3604 1213 3644 nearest
1227 3606 1257 3653 ap

772 3663 868 3725 proach
886 3671 914 3711 to
932 3662 1066 3712 adefmite
1083 3669 1224 3711 statement
1237 3654 1256 3704 ol

773 3730 814 3778 his
827 3730 890 3778 wish
902 3729 945 3778 for
957 3744 974 3777 a
984 3731 1142 3792 supplicatio.
1175 3727 1254 3778 Sucha

759 3800 761 3804 ’
774 3803 915 3845 statement
927 3796 960 3844 he
972 3796 1113 3861 purposely
1124 3794 1222 3845 avoids.
