2575 4200
515 234 683 283 CICERO’S
708 234 882 283 LETTERS.

1049 234 1110 298 [Ep.
1125 235 1229 283 XCIX.
1273 302 1274 319 ,

177 420 351 463 occurrere
392 402 432 476 ei,
466 401 520 464 cui
562 401 631 464 scio
665 420 728 464 nec
767 400 944 464 consilium
980 422 1044 465 nec
1076 402 1229 464 animum
1273 384 1274 465 l

176 508 380 573 defuturum.
432 511 506 591 Ego
530 519 654 584 tamen,
682 509 711 572 si
736 509 768 571 id
794 510 963 585 acciderit,
981 510 1121 572 fratrem
1146 531 1229 573 cum
1273 488 1274 547 3

176 618 328 699 equitatu
368 618 498 680 mittam
529 618 586 699 qui
627 627 796 700 sequatur,
827 618 958 680 Italiam
988 639 1007 681 a
1035 618 1229 681 vastatione

176 725 346 789 defendat.
397 728 464 789 Fac
481 727 592 797 valeas
611 746 732 808 meque
749 735 866 788 mutuo
884 725 1015 808 diligas.

477 976 605 1078 XCIX.
658 978 762 1061 (Fam.
787 996 835 1040 11.
860 978 924 1060 12.)

310 1151 347 1199 M.
364 1150 503 1200 CICERO
521 1151 548 1199 S.
566 1152 599 1199 D.
618 1152 652 1199 D.
673 1151 797 1200 BRVTO
818 1152 891 1199 IMP.
912 1150 989 1200 COS.
1010 1151 1089 1199 DES.

60 1340 62 1346 .
145 1304 155 1337 1
222 1284 306 1347 Tres
335 1305 402 1347 uno
427 1285 481 1347 die
506 1305 525 1347 a
547 1294 581 1347 te
607 1285 721 1366 accepi
748 1284 934 1365 epistulas:
958 1293 1060 1347 unam
1076 1284 1225 1358 brevem,

176 1413 274 1474 quam
295 1392 414 1456 Flacco
428 1392 608 1455 Volumnio
626 1393 776 1467 dederas
792 1394 873 1455 duas
890 1392 1068 1474 pleniores,
1083 1412 1227 1473 quarum
1273 1440 1274 1443 η

175 1500 313 1563 alteram
332 1500 525 1563 tabellarius
543 1501 582 1564 T.
603 1500 683 1563 Vibi
702 1500 824 1575 attulit,
844 1500 981 1563 alteram
1003 1500 1044 1563 ad
1061 1521 1115 1563 me
1131 1500 1227 1561 misit

178 1609 303 1692 Lupus,
355 1609 407 1670 Ex
435 1609 501 1671 tuis
528 1608 650 1671 litteris
681 1618 714 1670 et
741 1629 781 1671 ex
811 1608 951 1671 Graecei
975 1608 1126 1670 oratione
1157 1628 1227 1669 non

176 1716 274 1779 modo
300 1737 367 1779 non
392 1717 589 1779 restinctum
617 1716 741 1778 bellum
768 1718 826 1779 sed
851 1716 952 1779 etiam
978 1716 1225 1778 inflammatum

174 1824 314 1887 videtur.
366 1825 444 1887 Non
477 1822 592 1886 d'ubito
626 1834 737 1887 autem
772 1844 831 1904 pro
863 1833 922 1886 tua
954 1823 1115 1905 singulari
1149 1844 1227 1904 pru·
1273 1888 1274 1897 ,

176 1932 290 1995 dentia
318 1933 398 2015 quin
426 1932 617 2014 perspicias,
640 1933 668 1994 si
695 1932 820 2014 aliquid
848 1932 1014 1994 firmitatis
1037 1940 1157 1994 nactus
1182 1931 1226 1993 sit

176 2040 358 2116 Antonius
375 2040 487 2104 omnia
506 2050 564 2104 tua
582 2040 638 2103 illa
655 2040 823 2122 praeclara
846 2040 880 2102 in
903 2060 972 2103 rem
996 2061 1027 2122 p.
1045 2039 1168 2102 merita
1184 2039 1225 2100 ad
1273 2048 1274 2132 l

1273 2133 1274 2162 l

175 2200 249 2246 Fam.
273 2211 309 2245 11.
331 2212 367 2246 10.
386 2212 401 2258 4
423 2198 532 2261 (written
554 2199 615 2262 May
637 2198 671 2263 5).

176 2265 233 2312 The
245 2266 349 2327 general
361 2265 421 2327 plan
440 2264 557 2312 outlined
575 2265 601 2312 in
620 2264 672 2313 this

174 2332 252 2379 letter
274 2347 326 2379 was
345 2346 424 2379 never
444 2331 542 2379 carried
561 2339 608 2379 out
628 2331 672 2395 (cf.

175 2400 248 2445 Fam.
265 2411 301 2445 10.
318 2397 366 2460 18).

210 2465 310 2528 XCIX.
331 2466 422 2520 Rome,
432 2464 512 2512 about
523 2464 585 2528 May
597 2478 634 2527 13,
643 2478 675 2528 43

176 2543 225 2579 uc.
269 2532 322 2578 For
345 2532 389 2578 the
413 2539 577 2579 movements
595 2531 623 2578 of
641 2532 676 2578 D.

177 2598 273 2646 Brutus
290 2596 358 2645 after
370 2597 499 2662 Antony’s
508 2597 596 2646 defeat
615 2612 677 2645 near

177 2664 287 2721 Mutina,
303 2664 335 2711 cf.
356 2665 403 2726 Ep.
426 2664 556 2711 XCVIII.
579 2663 674 2712 introd.

176 2738 245 2778 note.

212 2811 232 2844 1.
250 2805 310 2845 tres
324 2832 330 2844 .
345 2832 351 2844 .
366 2831 373 2846 .
387 2797 539 2860 epistulas:
552 2814 584 2844 sc.
597 2798 671 2846 Fam.

179 2878 215 2911 11.
228 2877 252 2926 9,
268 2878 304 2918 ro,
315 2863 366 2912 and
383 2877 419 2919 11,
433 2864 534 2911 written
546 2864 618 2926 April
633 2877 672 2926 29,

177 2932 240 2994 May
254 2944 274 2994 5,
287 2931 339 2978 and
353 2931 414 2994 May
427 2930 442 2978 6
459 2931 674 2993 respectively.-

178 2997 283 3045 Flacco
318 2997 482 3054 Volumnia
520 2997 554 3044 Τ.
594 2997 671 3056 Vibi,
700 3025 702 3028 -

177 3064 313 3114 Graecei:
331 3063 398 3111 little
412 3079 483 3111 more
501 3064 524 3112 is
535 3063 631 3111 known
644 3064 673 3112 of

176 3131 250 3178 these
274 3146 333 3177 men
357 3130 420 3177 than
440 3146 477 3178 we
495 3130 588 3192 gather
604 3130 673 3178 from

176 3197 229 3245 this
252 3197 334 3244 letter.
347 3224 380 3232 -
394 3198 515 3259 Lupus:
546 3197 674 3261 probably

178 3265 205 3310 P.
242 3263 355 3311 Rutilius
391 3265 489 3326 Lupus,
528 3264 587 3311 who
621 3279 674 3312 was

175 3337 280 3392 praetor
297 3330 322 3377 in
340 3343 373 3392 49
392 3341 449 3385 B.c.,
464 3329 515 3377 and
529 3345 581 3378 was
599 3330 675 3392 prob·

176 3396 236 3460 ably
248 3405 275 3444 at
288 3395 339 3444 this
358 3397 420 3444 time
439 3397 483 3444 the
496 3396 582 3459 legate
594 3396 624 3444 ol
641 3398 680 3445 D.-

176 3464 280 3520 Brutus,
294 3464 320 3510 in
333 3463 421 3511 whose
438 3463 528 3511 letters
545 3463 612 3511 heis
629 3463 678 3511 fre-

175 3529 283 3593 quently
293 3523 451 3577 mentioned.
461 3529 604 3578 -litteris
617 3548 622 3577 :
636 3545 678 3591 ap-

174 3596 293 3659 parently
304 3596 330 3642 in
348 3611 365 3642 a
381 3596 463 3657 plural
481 3611 557 3642 sense
569 3596 637 3650 here,
651 3611 680 3644 as

175 3663 275 3708 several
298 3661 373 3708 times
392 3663 417 3708 ln
437 3662 538 3715 Cicero,
556 3677 600 3723 eg.
618 3664 680 3708 acci-

173 3727 216 3786 pio
242 3729 426 3775 excusationem
451 3734 530 3781 tuam,
549 3744 601 3791 qua
619 3743 680 3774 usus

720 2214 752 2255 es,
765 2215 813 2246 cur
828 2201 928 2260 saepius
944 2201 1029 2247 adme
1048 2199 1149 2245 litteras
1173 2213 1227 2243 uno
1273 2199 1274 2220 l

720 2267 834 2326 exempla
847 2264 886 2328 (of
904 2265 948 2312 the
960 2279 1031 2313 same
1044 2263 1129 2326 tenor)
1145 2265 1225 2311 dedis·
1273 2283 1274 2328 ς

720 2348 764 2388 ses,
780 2334 851 2379 Fam.
869 2345 891 2390 4.
910 2345 933 2390 4.
955 2345 981 2390 13
1000 2347 1077 2378 raras
1094 2337 1154 2378 tuas
1172 2331 1225 2393 qui·
1273 2337 1274 2386 j

720 2400 774 2446 dem
781 2397 927 2461 —fartasse
942 2399 1010 2444 euim
1028 2413 1079 2444 nan
1087 2397 1225 2459 perferun-

720 2465 866 2521 tur,-sed
885 2480 975 2511 suaves
994 2465 1090 2526 accipio
1114 2463 1222 2517 litteras,
1273 2463 1274 2478 ³

720 2533 793 2578 Fam.
814 2545 835 2578 2.
861 2545 898 2594 13.
926 2544 946 2578 1.
974 2529 1014 2577 Cl.
1028 2530 1084 2578 also
1104 2531 1153 2591 Ep.
1175 2530 1223 2576 XI.

724 2612 743 2644 1.
791 2598 822 2645 In
840 2597 914 2646 strict
941 2612 1019 2659 usage
1051 2599 1154 2644 litterae
1177 2596 1224 2642 has

721 2665 814 2729 always
832 2663 877 2712 the
906 2662 1020 2726 singular
1036 2662 1168 2724 meaning,
1183 2677 1224 2708 un-

720 2732 772 2779 less
796 2731 840 2778 the
864 2729 1028 2778 distributive
1050 2728 1182 2792 adjective
1203 2729 1223 2776 is

721 2796 807 2845 added
825 2804 853 2844 to
872 2798 900 2854 it,
922 2812 950 2845 as
971 2797 1043 2843 binas
1055 2812 1070 2842 a
1101 2803 1123 2843 te
1142 2796 1224 2856 accepi

721 2867 826 2920 litteras,
840 2865 912 2911 Fam.
925 2878 948 2923 4.
965 2877 1001 2922 ¹4·
1020 2877 1039 2909 1.
1053 2861 1148 2909 Cicero
1162 2861 1222 2908 him·

722 2930 772 2979 seli
781 2930 864 2978 called
872 2930 1001 2978 attention
1010 2937 1037 2977 to
1047 2928 1099 2976 this
1106 2928 1174 2986 fact;
1190 2927 1222 2974 cf.

723 2997 828 3046 Servius
840 2996 874 3045 ad
896 2998 971 3058 Verg.
991 2993 1163 3042 Aen.8.168:
1186 2996 1223 3042 Ci-

719 3080 775 3112 cera
797 3072 848 3126 per
865 3064 997 3126 epe'stulam
1023 3064 1111 3122 culpat
1121 3061 1221 3122 filium,

720 3133 804 3178 dicem
833 3132 900 3178 male
925 3146 981 3177 eum
1008 3129 1105 3176 dixisse
1122 3127 1224 3174 ‘direxi

720 3200 818 3246 litteras
838 3196 920 3253 duas‚'
938 3212 994 3243 cum
1016 3196 1122 3248 litterae,
1145 3195 1222 3256 quoti·

721 3281 766 3312 ens
788 3265 920 3325 epistulam
946 3261 1099 3325 significant,
1119 3260 1223 3306 numeri

721 3338 823 3378 tantum
860 3331 979 3391 pluralis
1014 3330 1073 3375 sint.
1087 3355 1117 3362 —
1135 3326 1223 3374 orati-

722 3411 786 3455 one,
811 3397 914 3452 ward&
943 3395 976 3443 cf.
1008 3395 1074 3456 Epp.
1100 3393 1221 3440 XXXII.

723 3479 752 3524 4;
784 3463 872 3510 XCII.
901 3473 922 3524 5.
940 3459 1221 3508 —inflammatumz

723 3530 755 3577 cf.
779 3531 852 3578 Fam.
874 3542 910 3575 11.
932 3541 969 3576 10.
989 3541 1003 3590 3
1021 3532 1133 3574 revertar
1153 3541 1223 3570 nura

722 3598 759 3643 ad
783 3597 935 3650 Antonium,
959 3595 1006 3656 qui
1023 3609 1055 3641 ex
1070 3592 1140 3655 suga
1163 3607 1221 3636 cum

718 3663 860 3723 parvulam
882 3676 988 3708 manum
1009 3659 1125 3720 peditum
1152 3657 1223 3703 habe-

725 3735 763 3776 ret
784 3729 933 3783 iacentium,
952 3725 1081 3789 ergastula
1104 3723 1224 3770 solvendo
