2575 4200
197 246 245 295 124
535 245 703 294 CICERO'S
729 246 901 294 LETTERS.
1042 246 1100 311 [Ep.
1115 247 1222 294 XXXll'.
1268 264 1269 288 r

198 413 241 476 Κ.
260 411 366 494 Sept,
384 412 524 495 legatia
540 432 619 495 rege
637 411 867 495 Commageno
885 414 926 476 ad
943 433 998 476 me
1018 413 1110 477 missi
1135 422 1223 495 pertu·
1268 465 1269 470 ,

197 520 374 596 multuose,
400 541 510 604 neque
534 531 649 584 tamen
676 541 743 584 non
770 541 858 596 vere,
887 522 1025 585 Parthos
1052 521 1086 584 in
1113 521 1224 606 Syriam
1268 543 1269 579 1

163 628 360 706 4transisse
385 629 635 692 nuntiaverunt.
695 628 772 711 Quo
797 629 911 692 audito
936 630 1153 692 vehementer
1169 650 1224 692 sun

197 746 385 800 commotus
414 757 489 800 cum
519 737 561 799 de
590 736 697 820 Syria,
723 747 795 799 tum
824 737 866 800 de
894 757 969 800 mea
997 738 1174 818 provincia,
1196 738 1225 798 de
1268 761 1269 764 ¹

197 844 324 928 reliqua
346 845 491 928 denique
516 845 609 908 Asia.
666 844 783 928 Itaque
808 846 990 908 exercitum
1018 846 1100 908 mihi
1123 847 1225 908 ducen-
1269 895 1270 904 ,

176 954 275 1045 'dum
308 973 369 1035 per
400 951 632 1034 Cappadociae
665 953 835 1035 regionem
865 973 948 1028 eam,
978 973 1065 1035 quae
1094 953 1225 1016 Ciliciam
1269 1005 1270 1012 ,

196 1061 390 1143 attingeret,
409 1061 534 1143 putavi.
585 1061 671 1123 Nam
687 1061 783 1124 sime
801 1061 834 1122 in
853 1060 1003 1124 Ciliciam
1021 1061 1225 1132 demisissen,
1269 1093 1270 1116 1

198 1168 349 1233 Ciliciam
367 1169 502 1251 quidem
520 1167 624 1249 ipsam
644 1177 782 1250 propter
801 1169 925 1232 montis
945 1169 1070 1232 Amani
1091 1180 1225 1232 naturam

196 1277 295 1340 facile
319 1277 521 1352 tenuissem;
547 1278 613 1339 duo
637 1286 715 1340 sunt
740 1276 829 1338 enim
852 1277 963 1340 aditus
983 1278 1017 1339 in
1036 1276 1182 1340 Ciliciam
1197 1296 1226 1337 ex

198 1384 304 1469 Syria,
323 1404 462 1467 quorum
489 1393 630 1466 uterque
655 1385 765 1465 parvis
790 1385 965 1466 praesidiis
990 1395 1129 1467 propter
1143 1404 1226 1465 angu-

198 1493 280 1555 stias
297 1493 474 1556 intercludi
495 1502 617 1574 potest,
637 1513 700 1556 nec
723 1502 775 1555 est
792 1493 970 1575 quicquam
992 1492 1111 1556 Cilicia
1130 1504 1227 1556 contra

200 1600 330 1684 Syriam
356 1601 541 1663 munitius
578 1600 646 1663 Sed
670 1620 723 1663 me
744 1600 956 1683 Cappadocia
975 1602 1141 1675 movebat,
1159 1619 1227 1682 quae

198 1718 290 1789 patet
316 1729 337 1770 a
362 1708 460 1791 Syria
491 1728 656 1790 regesque
689 1709 790 1772 habet
824 1708 994 1783 finitimos,
1026 1710 1084 1791 qui
1114 1706 1227 1772 etiamsi

198 1825 277 1879 sunt
304 1815 388 1878 clam
414 1817 512 1879 amici
539 1816 646 1891 nobis,
674 1827 788 1879 tamen
814 1826 929 1897 aperte
959 1817 1130 1879 Parthis
1122 1815 1227 1879 mimici

198 1944 361 1988 essenon
385 1925 518 1987 audent.
571 1924 720 2006 Itaque
712 1945 746 1986 1n
770 1923 980 2005 Cappadocia
1004 1935 1154 1987 extrema
1175 1944 1227 1985 non

198 2033 298 2116 longe
315 2053 334 2094 a
351 2032 461 2094 Tauro
479 2033 565 2114 apud
583 2033 742 2114 oppidum
761 2032 918 2117 Cybistra
935 2041 1005 2095 cast
1009 2053 1045 2094 ra
1061 2033 1138 2109 feci,
1157 2041 1187 2094 ut
1202 2040 1228 2092 et
1269 1979 1271 2096 1

200 2141 350 2205 Ciliciam
375 2150 488 2203 tuerer
510 2150 543 2202 et
565 2141 810 2222 Cappadociam
835 2151 956 2203 tenens
982 2162 1068 2204 nova
1093 2142 1173 2204 finit·
1152 2153 1229 2203 t·1mo

168 2270 272 2329 5rum
297 2248 436 2312 consilia
460 2249 667 2329 impedirem.
727 2249 860 2311 Interea
885 2250 917 2310 in
944 2250 1006 2312 hoc
1031 2259 1128 2313 tanto
1152 2257 1229 2311 motu

198 2367 360 2438 tantaque
380 2356 630 2437 exspectatione
654 2358 788 2420 maximi
805 2356 884 2420 belli
902 2377 959 2419 rex
983 2358 1170 2431 Deiotarus,
1186 2354 1230 2417 cui

199 2485 267 2527 non
296 2465 369 2527 sine
398 2484 497 2526 causa
525 2464 704 2543 plurimum
734 2485 866 2545 semper
895 2474 928 2526 et
957 2485 1032 2527 meo
1062 2477 1095 2528 et
1125 2476 1179 2527 tuo
1203 2472 1230 2523 et

200 2583 336 2635 senatus
362 2572 483 2635 iudicio
509 2573 673 2635 tributum
699 2584 760 2646 est,
779 2573 828 2634 vir
851 2593 925 2635 cum
951 2574 1183 2636 benevolentia
1203 2580 1230 2631 et
1271 2596 1272 2633 ss

200 2682 265 2743 fide
282 2700 361 2762 erga
381 2680 539 2761 populum
564 2681 604 2743 R.
624 2680 794 2762 singulari,
814 2691 885 2743 tum
899 2682 1097 2762 ,praesentia
1121 2678 1230 2762 magni-

201 2835 222 2868 1.
239 2834 392 2883 14.-rege
404 2822 613 2883 Commageno:
625 2822 697 2868 Anti·
748 2822 803 2869 also
818 2822 880 2869 Intr.
894 2836 933 2883 77.
944 2836 1079 2884 -neque
1096 2837 1153 2870 non
1168 2833 1231 2873 vere,

199 2887 289 2944 ochus,
301 2887 365 2949 king
376 2887 405 2934 of
421 2888 607 2948 Commagene,
620 2903 636 2935 a
649 2886 698 2935 dis·
747 2890 803 2935 and
814 2896 858 2935 not
869 2889 977 2937 without
979 2889 1156 2951 Jirstr'fication.

199 2955 259 3003 trict
279 2969 314 3001 on
335 2954 380 3002 the
404 2954 527 3001 northern
551 2953 646 3001 border
670 2953 699 3001 of
783 2969 805 3014 4.
816 2952 1232 3017 nec...quicquam:cf.similar

201 3020 559 3085 Syria—pertumultuose:
570 3021 696 3082 although
750 3036 795 3069 use
814 3022 842 3068 of
860 3022 930 3069 niln'l
946 3021 988 3069 for
1003 3038 1083 3077 nemo,
1098 3023 1145 3084 Ep.
1159 3018 1231 3068 XXV.

200 3088 244 3135 the
268 3088 369 3150 regular
392 3088 549 3149 superlative
571 3087 640 3134 form
662 3094 698 3135 tu·
750 3102 818 3147 4.-
832 3089 909 3151 apud
933 3088 1092 3151 oppidum:
1122 3089 1154 3136 cf.
1176 3084 1232 3147 apud

199 3155 396 3203 multuoszasime
414 3154 435 3201 is
457 3153 520 3201 used
539 3154 564 3201 in
584 3154 625 3202 his
643 3169 699 3202 ora·
749 3156 1052 3211 Iconium,2n.—nova
1060 3155 1232 3203 finitimorum

199 3220 276 3278 tions,
294 3237 337 3283 ag.
356 3223 385 3268 in
403 3221 473 3267 Verr.
492 3220 516 3267 ii.
536 3234 557 3266 2.
578 3234 616 3283 37,
636 3221 698 3268 here
749 3220 885 3269 consilia:
904 3221 948 3269 the
966 3222 1111 3270 intentions
1129 3221 1156 3269 of
1172 3222 1233 3267 Arta-

200 3287 293 3335 Cicero
307 3287 406 3350 prefers
419 3287 463 3334 the
476 3287 616 3349 colloquial
628 3286 697 3334 form
749 3286 850 3343 vasdes‚
864 3288 908 3335 the
921 3287 984 3350 king
996 3287 1025 3335 of
1037 3288 1167 3342 Armenia,
1179 3298 1233 3333 were

199 3354 334 3415 withper-.
364 3352 526 3416 Similarlyin
538 3352 581 3401 the
594 3355 697 3401 Letters
749 3369 765 3402 a
785 3362 879 3402 matter
897 3354 926 3401 of
944 3353 1043 3412 doubt;
1067 3354 1101 3403 cf.
1118 3356 1186 3402 Fam.
1203 3362 1232 3412 15·

199 3420 292 3469 Cicero
316 3435 376 3468 uses
396 3418 441 3467 the
463 3419 592 3467 intensive
614 3420 697 3467 forms
750 3434 771 3467 2
787 3434 808 3467 2.

193 3495 308 3549 peracer,
321 3493 471 3547 peramans,
486 3484 538 3532 and
551 3487 697 3547 perlubens,
785 3498 805 3551 5.
824 3501 873 3534 rex
899 3488 1074 3536 Deiotarus:
1096 3489 1184 3536 Cicero
1200 3483 1232 3530 de·

199 3553 291 3600 while
284 3568 311 3601 m
322 3553 362 3601 his
374 3552 450 3600 other
459 3552 572 3614 writings
582 3553 643 3616 only
654 3552 698 3600 the
748 3552 844 3601 fended
862 3552 940 3600 him
935 3570 960 3601 m
978 3567 1011 3618 45
1025 3566 1049 3601 u.
1052 3566 1075 3601 c.
1089 3555 1232 3617 againste
1197 3551 1232 3598 the

199 3620 300 3680 regular
311 3619 468 3682 superlative
479 3618 562 3666 forms
577 3634 620 3666 are
633 3617 698 3667 used
749 3620 843 3682 charge
873 3620 902 3667 of
933 3621 1059 3683 planning
1088 3629 1116 3669 to
1144 3616 1232 3667 murder

199 3692 227 3731 to
250 3686 364 3734 indicate
388 3684 432 3732 the
456 3684 606 3746 possession
630 3684 659 3731 ot
682 3699 698 3731 a
750 3685 896 3733 Caesar.—
904 3687 968 3745 lide,
984 3694 1044 3735 etc·
1064 3688 1096 3735 cf.
1111 3687 1161 3735 Cic.
1174 3682 1230 3732 Phil

198 3749 512 3814 qualityinaveryhigh
525 3749 624 3812 degree
655 3749 697 3797 Cf.
752 3764 789 3798 11
815 3765 845 3815 34
869 3754 934 3815 quid
954 3723 984 3800 de
1010 3754 1056 3803 Cn.
1076 3749 1232 3816 Pompeiolv
