<?xml version="1.0" encoding="UTF-8"?>
<!DOCTYPE html PUBLIC "-//W3C//DTD XHTML 1.0 Transitional//EN"
    "http://www.w3.org/TR/xhtml1/DTD/xhtml1-transitional.dtd">
<html xmlns="http://www.w3.org/1999/xhtml" xml:lang="en" lang="en">
 <head>
  <title>
</title>
<meta http-equiv="Content-Type" content="text/html;charset=utf-8" />
  <meta name='ocr-system' content='tesseract 3.04.00' />
  <meta name='ocr-capabilities' content='ocr_page ocr_carea ocr_par ocr_line ocrx_word'/>
</head>
<body>
  <div class='ocr_page' id='page_1' title='image "./selectedletters00unkngoog_0369.png"; bbox 0 0 2575 4200; ppageno 0'>
   <div class='ocr_carea' id='block_1_1' title="bbox 18 265 1079 330">
    <p class='ocr_par' dir='ltr' id='par_1_1' title="bbox 18 265 1079 330">
     <span class='ocr_line' id='line_1_1' title="bbox 18 265 1079 330; baseline 0.003 -15"><span class='ocrx_word' id='word_1_1' title='bbox 18 269 103 316; x_wconf 84' lang='lat' dir='ltr'><strong>Fam.</strong></span> <span class='ocrx_word' id='word_1_2' title='bbox 119 281 155 315; x_wconf 90' lang='lat'><strong>10.</strong></span> <span class='ocrx_word' id='word_1_3' title='bbox 170 265 221 330; x_wconf 77' lang='lat'><strong>24]</strong></span> <span class='ocrx_word' id='word_1_4' title='bbox 366 265 534 314; x_wconf 86' lang='lat' dir='ltr'>CICERO&#39;S</span> <span class='ocrx_word' id='word_1_5' title='bbox 559 266 734 313; x_wconf 85' lang='lat' dir='ltr'><strong>LETTERS.</strong></span> <span class='ocrx_word' id='word_1_6' title='bbox 873 273 876 280; x_wconf 85' lang='grc'><strong>“</strong></span> <span class='ocrx_word' id='word_1_7' title='bbox 1030 267 1079 319; x_wconf 85' lang='grc'><strong>287</strong></span> 
     </span>
    </p>
   </div>
   <div class='ocr_carea' id='block_1_2' title="bbox 19 433 1141 2233">
    <p class='ocr_par' dir='ltr' id='par_1_2' title="bbox 19 433 1110 624">
     <span class='ocr_line' id='line_1_2' title="bbox 20 433 1110 516; baseline 0.001 -19"><span class='ocrx_word' id='word_1_8' title='bbox 20 435 85 498; x_wconf 90' lang='lat' dir='ltr'><strong>De</strong></span> <span class='ocrx_word' id='word_1_9' title='bbox 114 434 258 497; x_wconf 92' lang='lat' dir='ltr'><strong>militum</strong></span> <span class='ocrx_word' id='word_1_10' title='bbox 288 433 472 496; x_wconf 89' lang='lat' dir='ltr'><strong>commodis</strong></span> <span class='ocrx_word' id='word_1_11' title='bbox 495 433 560 495; x_wconf 81' lang='lat' dir='ltr'><strong>fuit</strong></span> <span class='ocrx_word' id='word_1_12' title='bbox 587 433 650 494; x_wconf 92' lang='lat' dir='ltr'><strong>tibi</strong></span> <span class='ocrx_word' id='word_1_13' title='bbox 670 453 769 496; x_wconf 89' lang='lat' dir='ltr'><strong>curae</strong></span> <span class='ocrx_word' id='word_1_14' title='bbox 777 454 785 510; x_wconf 92' lang='lat'>;</span> <span class='ocrx_word' id='word_1_15' title='bbox 813 453 898 515; x_wconf 95' lang='lat' dir='ltr'><strong>quos</strong></span> <span class='ocrx_word' id='word_1_16' title='bbox 921 454 984 516; x_wconf 89' lang='lat' dir='ltr'><strong>ego</strong></span> <span class='ocrx_word' id='word_1_17' title='bbox 1010 455 1110 498; x_wconf 86' lang='lat' dir='ltr'><strong>non2</strong></span> 
     </span>
     <span class='ocr_line' id='line_1_3' title="bbox 19 541 1080 624; baseline -0.002 -17"><span class='ocrx_word' id='word_1_18' title='bbox 19 543 203 624; x_wconf 88' lang='lat' dir='ltr'><strong>potentiae</strong></span> <span class='ocrx_word' id='word_1_19' title='bbox 224 563 318 605; x_wconf 90' lang='lat' dir='ltr'><strong>meae</strong></span> <span class='ocrx_word' id='word_1_20' title='bbox 341 561 495 604; x_wconf 89' lang='lat' dir='ltr'><strong>causa—</strong></span> <span class='ocrx_word' id='word_1_21' title='bbox 508 541 591 602; x_wconf 90' lang='lat' dir='ltr'>nihil</span> <span class='ocrx_word' id='word_1_22' title='bbox 612 541 700 603; x_wconf 90' lang='lat' dir='ltr'><strong>enim</strong></span> <span class='ocrx_word' id='word_1_23' title='bbox 725 561 865 604; x_wconf 87' lang='lat' dir='ltr'><strong>menon</strong></span> <span class='ocrx_word' id='word_1_24' title='bbox 889 542 1080 606; x_wconf 84' lang='lat' dir='ltr'>salutariter</span> 
     </span>
    </p>

    <p class='ocr_par' dir='ltr' id='par_1_3' title="bbox 21 648 1079 734">
     <span class='ocr_line' id='line_1_4' title="bbox 21 648 1079 734; baseline 0 -19"><span class='ocrx_word' id='word_1_25' title='bbox 21 652 180 734; x_wconf 88' lang='lat' dir='ltr'><strong>cogitare</strong></span> <span class='ocrx_word' id='word_1_26' title='bbox 197 652 324 714; x_wconf 93' lang='lat' dir='ltr'><strong>scio—</strong></span> <span class='ocrx_word' id='word_1_27' title='bbox 336 649 445 713; x_wconf 89' lang='lat' dir='ltr'><strong>ornari</strong></span> <span class='ocrx_word' id='word_1_28' title='bbox 461 648 552 712; x_wconf 91' lang='lat' dir='ltr'><strong>volui</strong></span> <span class='ocrx_word' id='word_1_29' title='bbox 568 670 587 712; x_wconf 88' lang='lat' dir='ltr'><strong>a</strong></span> <span class='ocrx_word' id='word_1_30' title='bbox 604 660 734 725; x_wconf 86' lang='lat' dir='ltr'><strong>senatu,</strong></span> <span class='ocrx_word' id='word_1_31' title='bbox 754 651 812 714; x_wconf 91' lang='lat' dir='ltr'><strong>sed</strong></span> <span class='ocrx_word' id='word_1_32' title='bbox 830 651 973 732; x_wconf 89' lang='lat' dir='ltr'><strong>primum</strong></span> <span class='ocrx_word' id='word_1_33' title='bbox 991 653 1079 734; x_wconf 92' lang='lat' dir='ltr'><strong>quod</strong></span> 
     </span>
    </p>

    <p class='ocr_par' dir='ltr' id='par_1_4' title="bbox 20 741 1078 840">
     <span class='ocr_line' id='line_1_5' title="bbox 20 741 1078 840; baseline 0.002 -19"><span class='ocrx_word' id='word_1_34' title='bbox 20 761 75 822; x_wconf 91' lang='lat' dir='ltr'><strong>ita</strong></span> <span class='ocrx_word' id='word_1_35' title='bbox 109 757 247 823; x_wconf 81' lang='lat' dir='ltr'><strong>meritos</strong></span> <span class='ocrx_word' id='word_1_36' title='bbox 281 759 477 832; x_wconf 89' lang='lat' dir='ltr'><strong>iudicabam,</strong></span> <span class='ocrx_word' id='word_1_37' title='bbox 504 758 626 820; x_wconf 92' lang='lat' dir='ltr'><strong>deinde</strong></span> <span class='ocrx_word' id='word_1_38' title='bbox 659 760 747 840; x_wconf 93' lang='lat' dir='ltr'><strong>quod</strong></span> <span class='ocrx_word' id='word_1_39' title='bbox 768 741 813 821; x_wconf 87' lang='lat' dir='ltr'><strong>ad</strong></span> <span class='ocrx_word' id='word_1_40' title='bbox 839 760 947 823; x_wconf 91' lang='lat' dir='ltr'><strong>omnis</strong></span> <span class='ocrx_word' id='word_1_41' title='bbox 981 781 1078 823; x_wconf 90' lang='lat' dir='ltr'><strong>casus</strong></span> 
     </span>
    </p>

    <p class='ocr_par' dir='ltr' id='par_1_5' title="bbox 21 867 1079 948">
     <span class='ocr_line' id='line_1_6' title="bbox 21 867 1079 948; baseline 0 -17"><span class='ocrx_word' id='word_1_42' title='bbox 21 869 280 931; x_wconf 91' lang='lat' dir='ltr'><strong>coniunctiores</strong></span> <span class='ocrx_word' id='word_1_43' title='bbox 313 867 360 930; x_wconf 91' lang='lat' dir='ltr'><strong>rei</strong></span> <span class='ocrx_word' id='word_1_44' title='bbox 392 888 423 948; x_wconf 87' lang='lat' dir='ltr'><strong>p.</strong></span> <span class='ocrx_word' id='word_1_45' title='bbox 460 887 534 929; x_wconf 89' lang='lat' dir='ltr'><strong>esse</strong></span> <span class='ocrx_word' id='word_1_46' title='bbox 565 867 728 941; x_wconf 89' lang='lat' dir='ltr'><strong>volebam,</strong></span> <span class='ocrx_word' id='word_1_47' title='bbox 763 869 943 931; x_wconf 90' lang='lat' dir='ltr'><strong>novissime</strong></span> <span class='ocrx_word' id='word_1_48' title='bbox 975 878 1012 931; x_wconf 94' lang='lat' dir='ltr'><strong>ut</strong></span> <span class='ocrx_word' id='word_1_49' title='bbox 1037 869 1079 931; x_wconf 92' lang='lat' dir='ltr'><strong>ab</strong></span> 
     </span>
    </p>

    <p class='ocr_par' dir='ltr' id='par_1_6' title="bbox 20 975 1078 1058">
     <span class='ocr_line' id='line_1_7' title="bbox 20 975 1078 1058; baseline 0.001 -20"><span class='ocrx_word' id='word_1_50' title='bbox 20 977 123 1038; x_wconf 92' lang='lat' dir='ltr'><strong>omni</strong></span> <span class='ocrx_word' id='word_1_51' title='bbox 139 976 289 1039; x_wconf 88' lang='lat' dir='ltr'><strong>omniurn</strong></span> <span class='ocrx_word' id='word_1_52' title='bbox 308 975 545 1054; x_wconf 70' lang='lat' dir='ltr'><strong>sollicitatione</strong></span> <span class='ocrx_word' id='word_1_53' title='bbox 557 995 692 1038; x_wconf 85' lang='lat' dir='ltr'><strong>aversos</strong></span> <span class='ocrx_word' id='word_1_54' title='bbox 712 996 769 1038; x_wconf 89' lang='lat' dir='ltr'><strong>eos</strong></span> <span class='ocrx_word' id='word_1_55' title='bbox 787 976 863 1039; x_wconf 91' lang='lat' dir='ltr'><strong>talis</strong></span> <span class='ocrx_word' id='word_1_56' title='bbox 875 976 969 1038; x_wconf 93' lang='lat' dir='ltr'><strong>vobis</strong></span> <span class='ocrx_word' id='word_1_57' title='bbox 986 997 1078 1058; x_wconf 88' lang='lat' dir='ltr'><strong>prae-</strong></span> 
     </span>
    </p>

    <p class='ocr_par' dir='ltr' id='par_1_7' title="bbox 22 1077 1141 2233">
     <span class='ocr_line' id='line_1_8' title="bbox 22 1077 1141 1166; baseline 0.004 -19"><span class='ocrx_word' id='word_1_58' title='bbox 22 1094 121 1147; x_wconf 90' lang='lat' dir='ltr'><strong>stare</strong></span> <span class='ocrx_word' id='word_1_59' title='bbox 153 1105 286 1166; x_wconf 90' lang='lat' dir='ltr'><strong>possem</strong></span> <span class='ocrx_word' id='word_1_60' title='bbox 312 1084 427 1165; x_wconf 91' lang='lat' dir='ltr'><strong>quales</strong></span> <span class='ocrx_word' id='word_1_61' title='bbox 451 1084 561 1146; x_wconf 90' lang='lat' dir='ltr'><strong>adhuc</strong></span> <span class='ocrx_word' id='word_1_62' title='bbox 594 1077 766 1147; x_wconf 79' lang='lat' dir='ltr'><strong>fuerunt.¹</strong></span> <span class='ocrx_word' id='word_1_63' title='bbox 794 1084 866 1147; x_wconf 93' lang='lat' dir='ltr'><strong>Nos</strong></span> <span class='ocrx_word' id='word_1_64' title='bbox 891 1085 1000 1147; x_wconf 89' lang='lat' dir='ltr'><strong>adhuc</strong></span> <span class='ocrx_word' id='word_1_65' title='bbox 1024 1086 1111 1153; x_wconf 86' lang='lat' dir='ltr'><strong>hic3</strong></span> <span class='ocrx_word' id='word_1_66' title='bbox 1139 1148 1141 1152; x_wconf 87' lang='grc'>,</span> 
     </span>
     <span class='ocr_line' id='line_1_9' title="bbox 22 1191 1076 1274; baseline 0.002 -20"><span class='ocrx_word' id='word_1_67' title='bbox 22 1193 145 1255; x_wconf 91' lang='lat' dir='ltr'><strong>omnia</strong></span> <span class='ocrx_word' id='word_1_68' title='bbox 170 1193 301 1274; x_wconf 90' lang='lat' dir='ltr'><strong>integra</strong></span> <span class='ocrx_word' id='word_1_69' title='bbox 325 1191 563 1267; x_wconf 90' lang='lat' dir='ltr'><strong>sustinuimus;</strong></span> <span class='ocrx_word' id='word_1_70' title='bbox 597 1192 686 1273; x_wconf 92' lang='lat' dir='ltr'><strong>quod</strong></span> <span class='ocrx_word' id='word_1_71' title='bbox 715 1192 890 1254; x_wconf 89' lang='lat' dir='ltr'><strong>consilium</strong></span> <span class='ocrx_word' id='word_1_72' title='bbox 916 1203 1076 1267; x_wconf 90' lang='lat' dir='ltr'><strong>nostrum,</strong></span> 
     </span>
     <span class='ocr_line' id='line_1_10' title="bbox 24 1300 1079 1383; baseline 0.001 -20"><span class='ocrx_word' id='word_1_73' title='bbox 24 1302 95 1364; x_wconf 89' lang='lat' dir='ltr'><strong>etsi</strong></span> <span class='ocrx_word' id='word_1_74' title='bbox 120 1311 246 1383; x_wconf 91' lang='lat' dir='ltr'><strong>quanta</strong></span> <span class='ocrx_word' id='word_1_75' title='bbox 270 1302 313 1362; x_wconf 94' lang='lat' dir='ltr'><strong>sit</strong></span> <span class='ocrx_word' id='word_1_76' title='bbox 339 1300 480 1363; x_wconf 87' lang='lat' dir='ltr'><strong>aviditas</strong></span> <span class='ocrx_word' id='word_1_77' title='bbox 502 1300 673 1362; x_wconf 89' lang='lat' dir='ltr'><strong>hominurn</strong></span> <span class='ocrx_word' id='word_1_78' title='bbox 692 1321 759 1362; x_wconf 92' lang='lat' dir='ltr'><strong>non</strong></span> <span class='ocrx_word' id='word_1_79' title='bbox 783 1302 856 1363; x_wconf 92' lang='lat' dir='ltr'><strong>sine</strong></span> <span class='ocrx_word' id='word_1_80' title='bbox 876 1322 975 1364; x_wconf 89' lang='lat' dir='ltr'><strong>causa</strong></span> <span class='ocrx_word' id='word_1_81' title='bbox 994 1303 1079 1382; x_wconf 90' lang='lat' dir='ltr'><strong>capi-</strong></span> 
     </span>
     <span class='ocr_line' id='line_1_11' title="bbox 24 1408 1078 1491; baseline 0.002 -21"><span class='ocrx_word' id='word_1_82' title='bbox 24 1409 107 1471; x_wconf 88' lang='lat' dir='ltr'><strong>talis</strong></span> <span class='ocrx_word' id='word_1_83' title='bbox 132 1409 293 1472; x_wconf 91' lang='lat' dir='ltr'><strong>victoriae</strong></span> <span class='ocrx_word' id='word_1_84' title='bbox 317 1409 396 1482; x_wconf 91' lang='lat' dir='ltr'><strong>scio,</strong></span> <span class='ocrx_word' id='word_1_85' title='bbox 423 1417 536 1470; x_wconf 91' lang='lat' dir='ltr'><strong>tamen</strong></span> <span class='ocrx_word' id='word_1_86' title='bbox 561 1408 656 1471; x_wconf 92' lang='lat' dir='ltr'><strong>vobis</strong></span> <span class='ocrx_word' id='word_1_87' title='bbox 685 1409 817 1490; x_wconf 90' lang='lat' dir='ltr'><strong>probari</strong></span> <span class='ocrx_word' id='word_1_88' title='bbox 843 1429 949 1491; x_wconf 80' lang='lat' dir='ltr'><strong>spero,</strong></span> <span class='ocrx_word' id='word_1_89' title='bbox 1002 1411 1078 1472; x_wconf 93' lang='lat' dir='ltr'><strong>Non</strong></span> 
     </span>
     <span class='ocr_line' id='line_1_12' title="bbox 25 1517 1080 1600; baseline 0.001 -21"><span class='ocrx_word' id='word_1_90' title='bbox 25 1518 131 1592; x_wconf 90' lang='lat' dir='ltr'><strong>enim,</strong></span> <span class='ocrx_word' id='word_1_91' title='bbox 163 1517 191 1579; x_wconf 92' lang='lat' dir='ltr'><strong>si</strong></span> <span class='ocrx_word' id='word_1_92' title='bbox 215 1517 296 1599; x_wconf 90' lang='lat' dir='ltr'><strong>quid</strong></span> <span class='ocrx_word' id='word_1_93' title='bbox 323 1517 357 1578; x_wconf 94' lang='lat' dir='ltr'><strong>in</strong></span> <span class='ocrx_word' id='word_1_94' title='bbox 379 1517 431 1579; x_wconf 92' lang='lat' dir='ltr'><strong>his</strong></span> <span class='ocrx_word' id='word_1_95' title='bbox 461 1517 664 1579; x_wconf 84' lang='lat' dir='ltr'><strong>exercitibus</strong></span> <span class='ocrx_word' id='word_1_96' title='bbox 692 1517 735 1579; x_wconf 92' lang='lat' dir='ltr'><strong>sit</strong></span> <span class='ocrx_word' id='word_1_97' title='bbox 761 1518 938 1592; x_wconf 84' lang='lat' dir='ltr'><strong>offensum,</strong></span> <span class='ocrx_word' id='word_1_98' title='bbox 959 1539 1080 1600; x_wconf 88' lang='lat' dir='ltr'><strong>magna</strong></span> 
     </span>
     <span class='ocr_line' id='line_1_13' title="bbox 26 1624 1079 1708; baseline 0.003 -21"><span class='ocrx_word' id='word_1_99' title='bbox 26 1625 181 1689; x_wconf 86' lang='lat' dir='ltr'><strong>subsidia</strong></span> <span class='ocrx_word' id='word_1_100' title='bbox 205 1646 259 1688; x_wconf 88' lang='lat' dir='ltr'><strong>res</strong></span> <span class='ocrx_word' id='word_1_101' title='bbox 276 1646 307 1706; x_wconf 93' lang='lat' dir='ltr'><strong>p.</strong></span> <span class='ocrx_word' id='word_1_102' title='bbox 327 1624 427 1687; x_wconf 90' lang='lat' dir='ltr'><strong>habet</strong></span> <span class='ocrx_word' id='word_1_103' title='bbox 445 1625 601 1705; x_wconf 89' lang='lat' dir='ltr'><strong>expedita</strong></span> <span class='ocrx_word' id='word_1_104' title='bbox 617 1625 739 1706; x_wconf 91' lang='lat' dir='ltr'><strong>quibus</strong></span> <span class='ocrx_word' id='word_1_105' title='bbox 761 1626 872 1688; x_wconf 90' lang='lat' dir='ltr'><strong>subito</strong></span> <span class='ocrx_word' id='word_1_106' title='bbox 896 1627 1023 1708; x_wconf 90' lang='lat' dir='ltr'><strong>impetu</strong></span> <span class='ocrx_word' id='word_1_107' title='bbox 1041 1647 1079 1690; x_wconf 93' lang='lat' dir='ltr'><strong>ac</strong></span> 
     </span>
     <span class='ocr_line' id='line_1_14' title="bbox 26 1733 1079 1815; baseline 0.003 -21"><span class='ocrx_word' id='word_1_108' title='bbox 26 1733 208 1796; x_wconf 90' lang='lat' dir='ltr'><strong>latrocinio</strong></span> <span class='ocrx_word' id='word_1_109' title='bbox 234 1733 472 1814; x_wconf 85' lang='lat' dir='ltr'><strong>parricidarum</strong></span> <span class='ocrx_word' id='word_1_110' title='bbox 498 1733 644 1796; x_wconf 84' lang='lat' dir='ltr'><strong>resistat.</strong></span> <span class='ocrx_word' id='word_1_111' title='bbox 695 1733 818 1815; x_wconf 90' lang='lat' dir='ltr'><strong>Copias</strong></span> <span class='ocrx_word' id='word_1_112' title='bbox 842 1755 921 1796; x_wconf 89' lang='lat' dir='ltr'><strong>vero</strong></span> <span class='ocrx_word' id='word_1_113' title='bbox 946 1745 1079 1797; x_wconf 90' lang='lat' dir='ltr'><strong>nostras</strong></span> 
     </span>
     <span class='ocr_line' id='line_1_15' title="bbox 29 1826 1079 1924; baseline 0.003 -21"><span class='ocrx_word' id='word_1_114' title='bbox 29 1851 129 1905; x_wconf 91' lang='lat' dir='ltr'><strong>notas</strong></span> <span class='ocrx_word' id='word_1_115' title='bbox 148 1842 210 1904; x_wconf 91' lang='lat' dir='ltr'><strong>tibi</strong></span> <span class='ocrx_word' id='word_1_116' title='bbox 226 1861 303 1904; x_wconf 91' lang='lat' dir='ltr'><strong>esse</strong></span> <span class='ocrx_word' id='word_1_117' title='bbox 325 1841 477 1904; x_wconf 81' lang='lat' dir='ltr'><strong>arbitror.</strong></span> <span class='ocrx_word' id='word_1_118' title='bbox 528 1842 568 1903; x_wconf 93' lang='lat' dir='ltr'><strong>In</strong></span> <span class='ocrx_word' id='word_1_119' title='bbox 590 1826 713 1904; x_wconf 76' lang='lat' dir='ltr'><strong>castris</strong></span> <span class='ocrx_word' id='word_1_120' title='bbox 731 1843 813 1904; x_wconf 88' lang='lat' dir='ltr'><strong>meis</strong></span> <span class='ocrx_word' id='word_1_121' title='bbox 830 1831 981 1924; x_wconf 86' lang='lat' dir='ltr'><strong>legiones</strong></span> <span class='ocrx_word' id='word_1_122' title='bbox 999 1853 1079 1906; x_wconf 89' lang='lat' dir='ltr'><strong>sunt</strong></span> 
     </span>
     <span class='ocr_line' id='line_1_16' title="bbox 27 1949 1077 2026; baseline 0.003 -15"><span class='ocrx_word' id='word_1_123' title='bbox 27 1961 210 2013; x_wconf 88' lang='lat' dir='ltr'><strong>veteranae</strong></span> <span class='ocrx_word' id='word_1_124' title='bbox 227 1960 305 2022; x_wconf 90' lang='lat' dir='ltr'><strong>tres,</strong></span> <span class='ocrx_word' id='word_1_125' title='bbox 324 1949 482 2023; x_wconf 85' lang='lat' dir='ltr'><strong>tironum,</strong></span> <span class='ocrx_word' id='word_1_126' title='bbox 501 1949 554 2011; x_wconf 92' lang='lat' dir='ltr'><strong>vel</strong></span> <span class='ocrx_word' id='word_1_127' title='bbox 572 1949 838 2012; x_wconf 89' lang='lat' dir='ltr'><strong>luculentissima</strong></span> <span class='ocrx_word' id='word_1_128' title='bbox 854 1971 894 2012; x_wconf 89' lang='lat' dir='ltr'><strong>ex</strong></span> <span class='ocrx_word' id='word_1_129' title='bbox 912 1952 1077 2026; x_wconf 73' lang='lat' dir='ltr'><strong>omnibus</strong></span> 
     </span>
     <span class='ocr_line' id='line_1_17' title="bbox 30 2057 1076 2141; baseline 0.003 -21"><span class='ocrx_word' id='word_1_130' title='bbox 30 2078 111 2135; x_wconf 87' lang='lat' dir='ltr'><strong>una;</strong></span> <span class='ocrx_word' id='word_1_131' title='bbox 141 2058 177 2121; x_wconf 93' lang='lat' dir='ltr'><strong>in</strong></span> <span class='ocrx_word' id='word_1_132' title='bbox 206 2057 325 2122; x_wconf 89' lang='lat' dir='ltr'><strong>castris</strong></span> <span class='ocrx_word' id='word_1_133' title='bbox 353 2057 449 2120; x_wconf 89' lang='lat' dir='ltr'><strong>Bruti</strong></span> <span class='ocrx_word' id='word_1_134' title='bbox 473 2077 540 2121; x_wconf 91' lang='lat' dir='ltr'><strong>una</strong></span> <span class='ocrx_word' id='word_1_135' title='bbox 555 2067 714 2121; x_wconf 90' lang='lat' dir='ltr'><strong>veterana</strong></span> <span class='ocrx_word' id='word_1_136' title='bbox 736 2057 834 2141; x_wconf 86' lang='lat' dir='ltr'><strong>legin,</strong></span> <span class='ocrx_word' id='word_1_137' title='bbox 853 2059 957 2122; x_wconf 88' lang='lat' dir='ltr'><strong>altera</strong></span> <span class='ocrx_word' id='word_1_138' title='bbox 978 2060 1076 2135; x_wconf 88' lang='lat' dir='ltr'><strong>bima,</strong></span> 
     </span>
     <span class='ocr_line' id='line_1_18' title="bbox 29 2166 1079 2233; baseline 0.002 -5"><span class='ocrx_word' id='word_1_139' title='bbox 29 2175 108 2230; x_wconf 90' lang='lat' dir='ltr'><strong>octo</strong></span> <span class='ocrx_word' id='word_1_140' title='bbox 141 2167 299 2229; x_wconf 88' lang='lat' dir='ltr'><strong>tironum.</strong></span> <span class='ocrx_word' id='word_1_141' title='bbox 350 2166 402 2228; x_wconf 90' lang='lat' dir='ltr'><strong>Ita</strong></span> <span class='ocrx_word' id='word_1_142' title='bbox 433 2166 609 2233; x_wconf 88' lang='lat' dir='ltr'><strong>universus</strong></span> <span class='ocrx_word' id='word_1_143' title='bbox 642 2166 808 2229; x_wconf 88' lang='lat' dir='ltr'><strong>exercitus</strong></span> <span class='ocrx_word' id='word_1_144' title='bbox 842 2188 981 2230; x_wconf 89' lang='lat' dir='ltr'><strong>numero</strong></span> <span class='ocrx_word' id='word_1_145' title='bbox 1014 2189 1079 2231; x_wconf 89' lang='lat' dir='ltr'><strong>am-</strong></span> 
     </span>
    </p>
   </div>
   <div class='ocr_carea' id='block_1_3' title="bbox 29 2305 1123 3840">
    <p class='ocr_par' dir='ltr' id='par_1_8' title="bbox 29 2305 1123 3637">
     <span class='ocr_line' id='line_1_19' title="bbox 64 2305 1079 2368; baseline 0.002 -13"><span class='ocrx_word' id='word_1_146' title='bbox 64 2322 87 2354; x_wconf 89' lang='lat'><strong>2.</strong></span> <span class='ocrx_word' id='word_1_147' title='bbox 108 2308 207 2355; x_wconf 87' lang='lat' dir='ltr'><strong>de...</strong></span> <span class='ocrx_word' id='word_1_148' title='bbox 225 2307 407 2355; x_wconf 84' lang='lat' dir='ltr'><strong>commodis:</strong></span> <span class='ocrx_word' id='word_1_149' title='bbox 434 2321 450 2353; x_wconf 89' lang='lat' dir='ltr'><strong>a</strong></span> <span class='ocrx_word' id='word_1_150' title='bbox 468 2321 537 2354; x_wconf 92' lang='lat' dir='ltr'><strong>com·</strong></span> <span class='ocrx_word' id='word_1_151' title='bbox 580 2305 701 2368; x_wconf 88' lang='lat' dir='ltr'><strong>Append.</strong></span> <span class='ocrx_word' id='word_1_152' title='bbox 711 2307 903 2355; x_wconf 88' lang='lat' dir='ltr'><strong>-hominum</strong></span> <span class='ocrx_word' id='word_1_153' title='bbox 917 2342 924 2355; x_wconf 91' lang='lat'><strong>.</strong></span> <span class='ocrx_word' id='word_1_154' title='bbox 939 2343 945 2355; x_wconf 95' lang='lat'><strong>.</strong></span> <span class='ocrx_word' id='word_1_155' title='bbox 960 2343 966 2355; x_wconf 95' lang='lat'><strong>.</strong></span> <span class='ocrx_word' id='word_1_156' title='bbox 985 2309 1079 2357; x_wconf 90' lang='lat' dir='ltr'><strong>victo-</strong></span> 
     </span>
     <span class='ocr_line' id='line_1_20' title="bbox 29 2372 1079 2439; baseline 0.003 -18"><span class='ocrx_word' id='word_1_157' title='bbox 29 2374 141 2423; x_wconf 90' lang='lat' dir='ltr'><strong>mission</strong></span> <span class='ocrx_word' id='word_1_158' title='bbox 159 2373 189 2421; x_wconf 76' lang='lat' dir='ltr'><strong>oi</strong></span> <span class='ocrx_word' id='word_1_159' title='bbox 206 2382 250 2421; x_wconf 91' lang='lat' dir='ltr'><strong>ten</strong></span> <span class='ocrx_word' id='word_1_160' title='bbox 268 2389 321 2421; x_wconf 85' lang='lat' dir='ltr'><strong>was</strong></span> <span class='ocrx_word' id='word_1_161' title='bbox 339 2372 482 2435; x_wconf 84' lang='lat' dir='ltr'><strong>appointed</strong></span> <span class='ocrx_word' id='word_1_162' title='bbox 502 2372 538 2437; x_wconf 93' lang='lat' dir='ltr'><strong>by</strong></span> <span class='ocrx_word' id='word_1_163' title='bbox 580 2373 657 2420; x_wconf 84' lang='lat' dir='ltr'><strong>riae:</strong></span> <span class='ocrx_word' id='word_1_164' title='bbox 675 2388 691 2420; x_wconf 89' lang='lat' dir='ltr'><strong>a</strong></span> <span class='ocrx_word' id='word_1_165' title='bbox 713 2373 857 2435; x_wconf 87' lang='lat' dir='ltr'><strong>subjective</strong></span> <span class='ocrx_word' id='word_1_166' title='bbox 875 2374 976 2423; x_wconf 87' lang='lat' dir='ltr'><strong>andan</strong></span> <span class='ocrx_word' id='word_1_167' title='bbox 994 2376 1079 2439; x_wconf 89' lang='lat' dir='ltr'><strong>objec-</strong></span> 
     </span>
     <span class='ocr_line' id='line_1_21' title="bbox 30 2439 1079 2504; baseline 0.003 -17"><span class='ocrx_word' id='word_1_168' title='bbox 30 2441 74 2489; x_wconf 92' lang='lat' dir='ltr'><strong>the</strong></span> <span class='ocrx_word' id='word_1_169' title='bbox 92 2448 185 2489; x_wconf 87' lang='lat' dir='ltr'><strong>senate</strong></span> <span class='ocrx_word' id='word_1_170' title='bbox 199 2448 228 2488; x_wconf 92' lang='lat' dir='ltr'><strong>to</strong></span> <span class='ocrx_word' id='word_1_171' title='bbox 241 2440 327 2488; x_wconf 92' lang='lat' dir='ltr'><strong>divide</strong></span> <span class='ocrx_word' id='word_1_172' title='bbox 345 2439 422 2487; x_wconf 90' lang='lat' dir='ltr'><strong>lands</strong></span> <span class='ocrx_word' id='word_1_173' title='bbox 440 2454 537 2502; x_wconf 88' lang='lat' dir='ltr'><strong>among</strong></span> <span class='ocrx_word' id='word_1_174' title='bbox 580 2439 632 2487; x_wconf 89' lang='lat' dir='ltr'><strong>tive</strong></span> <span class='ocrx_word' id='word_1_175' title='bbox 645 2441 757 2501; x_wconf 89' lang='lat' dir='ltr'><strong>genitive</strong></span> <span class='ocrx_word' id='word_1_176' title='bbox 773 2440 922 2503; x_wconf 89' lang='lat' dir='ltr'><strong>depending</strong></span> <span class='ocrx_word' id='word_1_177' title='bbox 934 2457 1004 2504; x_wconf 92' lang='lat' dir='ltr'><strong>upon</strong></span> <span class='ocrx_word' id='word_1_178' title='bbox 1018 2444 1079 2491; x_wconf 87' lang='lat' dir='ltr'><strong>avi-</strong></span> 
     </span>
     <span class='ocr_line' id='line_1_22' title="bbox 30 2507 1079 2573; baseline 0.004 -20"><span class='ocrx_word' id='word_1_179' title='bbox 30 2507 74 2556; x_wconf 89' lang='lat' dir='ltr'><strong>the</strong></span> <span class='ocrx_word' id='word_1_180' title='bbox 89 2516 212 2555; x_wconf 87' lang='lat' dir='ltr'><strong>veterans</strong></span> <span class='ocrx_word' id='word_1_181' title='bbox 224 2507 253 2554; x_wconf 77' lang='lat' dir='ltr'><strong>of</strong></span> <span class='ocrx_word' id='word_1_182' title='bbox 266 2509 298 2554; x_wconf 95' lang='lat' dir='ltr'><strong>D.</strong></span> <span class='ocrx_word' id='word_1_183' title='bbox 314 2508 410 2555; x_wconf 91' lang='lat' dir='ltr'><strong>Brutus</strong></span> <span class='ocrx_word' id='word_1_184' title='bbox 423 2507 474 2554; x_wconf 89' lang='lat' dir='ltr'><strong>and</strong></span> <span class='ocrx_word' id='word_1_185' title='bbox 488 2508 537 2555; x_wconf 90' lang='lat' dir='ltr'><strong>Oc·</strong></span> <span class='ocrx_word' id='word_1_186' title='bbox 580 2507 840 2570; x_wconf 76' lang='lat' dir='ltr'><strong>ditas—impetu:</strong></span> <span class='ocrx_word' id='word_1_187' title='bbox 871 2509 1020 2573; x_wconf 89' lang='lat' dir='ltr'><strong>commonly</strong></span> <span class='ocrx_word' id='word_1_188' title='bbox 1043 2526 1079 2557; x_wconf 91' lang='lat' dir='ltr'><strong>re-</strong></span> 
     </span>
     <span class='ocr_line' id='line_1_23' title="bbox 29 2562 1077 2637; baseline 0.004 -17"><span class='ocrx_word' id='word_1_189' title='bbox 29 2574 118 2622; x_wconf 86' lang='lat' dir='ltr'><strong>tavius</strong></span> <span class='ocrx_word' id='word_1_190' title='bbox 138 2574 181 2636; x_wconf 83' lang='lat' dir='ltr'><strong>(cf.</strong></span> <span class='ocrx_word' id='word_1_191' title='bbox 194 2576 268 2622; x_wconf 86' lang='lat' dir='ltr'><strong>Fom.</strong></span> <span class='ocrx_word' id='word_1_192' title='bbox 290 2587 327 2620; x_wconf 86' lang='lat'><strong>11.</strong></span> <span class='ocrx_word' id='word_1_193' title='bbox 347 2587 385 2620; x_wconf 90' lang='lat'><strong>21.</strong></span> <span class='ocrx_word' id='word_1_194' title='bbox 399 2587 421 2630; x_wconf 86' lang='lat' dir='ltr'><strong>z,</strong></span> <span class='ocrx_word' id='word_1_195' title='bbox 438 2574 470 2637; x_wconf 83' lang='lat'><strong>5),</strong></span> <span class='ocrx_word' id='word_1_196' title='bbox 483 2574 535 2621; x_wconf 87' lang='lat' dir='ltr'><strong>and</strong></span> <span class='ocrx_word' id='word_1_197' title='bbox 579 2573 677 2637; x_wconf 88' lang='lat' dir='ltr'><strong>garded</strong></span> <span class='ocrx_word' id='word_1_198' title='bbox 700 2588 729 2620; x_wconf 88' lang='lat' dir='ltr'><strong>as</strong></span> <span class='ocrx_word' id='word_1_199' title='bbox 753 2562 776 2620; x_wconf 86' lang='lat' dir='ltr'><strong>a&#39;</strong></span> <span class='ocrx_word' id='word_1_200' title='bbox 792 2573 886 2622; x_wconf 86' lang='lat' dir='ltr'><strong>dative.</strong></span> <span class='ocrx_word' id='word_1_201' title='bbox 935 2577 987 2623; x_wconf 90' lang='lat' dir='ltr'><strong>For</strong></span> <span class='ocrx_word' id='word_1_202' title='bbox 1013 2577 1077 2624; x_wconf 93' lang='lat' dir='ltr'><strong>such</strong></span> 
     </span>
     <span class='ocr_line' id='line_1_24' title="bbox 29 2639 1079 2705; baseline 0.004 -18"><span class='ocrx_word' id='word_1_203' title='bbox 29 2640 159 2705; x_wconf 88' lang='lat' dir='ltr'><strong>probably</strong></span> <span class='ocrx_word' id='word_1_204' title='bbox 182 2640 227 2689; x_wconf 84' lang='lat' dir='ltr'><strong>the</strong></span> <span class='ocrx_word' id='word_1_205' title='bbox 253 2648 344 2702; x_wconf 88' lang='lat' dir='ltr'><strong>troops</strong></span> <span class='ocrx_word' id='word_1_206' title='bbox 368 2639 396 2687; x_wconf 76' lang='lat' dir='ltr'><strong>ol</strong></span> <span class='ocrx_word' id='word_1_207' title='bbox 425 2641 536 2689; x_wconf 86' lang='lat' dir='ltr'><strong>Plancus</strong></span> <span class='ocrx_word' id='word_1_208' title='bbox 578 2648 696 2689; x_wconf 88' lang='lat' dir='ltr'><strong>contract</strong></span> <span class='ocrx_word' id='word_1_209' title='bbox 713 2640 803 2697; x_wconf 83' lang='lat' dir='ltr'><strong>forms,</strong></span> <span class='ocrx_word' id='word_1_210' title='bbox 817 2640 849 2689; x_wconf 77' lang='lat' dir='ltr'><strong>cf.</strong></span> <span class='ocrx_word' id='word_1_211' title='bbox 863 2642 946 2699; x_wconf 91' lang='lat' dir='ltr'><strong>Neue,</strong></span> <span class='ocrx_word' id='word_1_212' title='bbox 959 2644 1079 2692; x_wconf 84' lang='lat' dir='ltr'><strong>Formen-</strong></span> 
     </span>
     <span class='ocr_line' id='line_1_25' title="bbox 29 2706 1079 2775; baseline 0.005 -21"><span class='ocrx_word' id='word_1_213' title='bbox 29 2722 96 2755; x_wconf 86' lang='lat' dir='ltr'><strong>were</strong></span> <span class='ocrx_word' id='word_1_214' title='bbox 127 2707 252 2771; x_wconf 82' lang='lat' dir='ltr'><strong>similarly</strong></span> <span class='ocrx_word' id='word_1_215' title='bbox 278 2706 395 2754; x_wconf 82' lang='lat' dir='ltr'><strong>favored.</strong></span> <span class='ocrx_word' id='word_1_216' title='bbox 442 2706 535 2754; x_wconf 90' lang='lat' dir='ltr'><strong>Cicero</strong></span> <span class='ocrx_word' id='word_1_217' title='bbox 578 2709 649 2754; x_wconf 80' lang='lat' dir='ltr'><strong>lehre</strong></span> <span class='ocrx_word' id='word_1_218' title='bbox 666 2708 689 2753; x_wconf 85' lang='lat' dir='ltr'><strong>d.</strong></span> <span class='ocrx_word' id='word_1_219' title='bbox 708 2708 752 2753; x_wconf 86' lang='lat' dir='ltr'><strong>lot.</strong></span> <span class='ocrx_word' id='word_1_220' title='bbox 771 2709 884 2769; x_wconf 76' lang='lat' dir='ltr'><strong>Sprache</strong></span> <span class='ocrx_word' id='word_1_221' title='bbox 906 2708 943 2755; x_wconf 76' lang='lat'><strong>12.</strong></span> <span class='ocrx_word' id='word_1_222' title='bbox 957 2725 999 2772; x_wconf 90' lang='lat' dir='ltr'><strong>pp.</strong></span> <span class='ocrx_word' id='word_1_223' title='bbox 1013 2710 1079 2775; x_wconf 81' lang='lat'>356—</span> 
     </span>
     <span class='ocr_line' id='line_1_26' title="bbox 30 2773 1079 2841; baseline 0.004 -20"><span class='ocrx_word' id='word_1_224' title='bbox 30 2774 186 2838; x_wconf 87' lang='lat' dir='ltr'><strong>apparently</strong></span> <span class='ocrx_word' id='word_1_225' title='bbox 202 2773 335 2836; x_wconf 88' lang='lat' dir='ltr'><strong>proposed</strong></span> <span class='ocrx_word' id='word_1_226' title='bbox 354 2773 398 2820; x_wconf 88' lang='lat' dir='ltr'><strong>the</strong></span> <span class='ocrx_word' id='word_1_227' title='bbox 417 2788 536 2821; x_wconf 84' lang='lat' dir='ltr'><strong>measure</strong></span> <span class='ocrx_word' id='word_1_228' title='bbox 579 2774 915 2837; x_wconf 83' lang='lat' dir='ltr'><strong>358.—parricidarum:</strong></span> <span class='ocrx_word' id='word_1_229' title='bbox 946 2775 1010 2824; x_wconf 91' lang='lat' dir='ltr'><strong>used</strong></span> <span class='ocrx_word' id='word_1_230' title='bbox 1045 2777 1079 2841; x_wconf 94' lang='lat' dir='ltr'><strong>by</strong></span> 
     </span>
     <span class='ocr_line' id='line_1_27' title="bbox 29 2838 1123 2897; baseline 0.004 -10"><span class='ocrx_word' id='word_1_231' title='bbox 29 2840 81 2887; x_wconf 88' lang='lat' dir='ltr'><strong>and</strong></span> <span class='ocrx_word' id='word_1_232' title='bbox 95 2839 342 2889; x_wconf 80' lang='lat' dir='ltr'><strong>wasamemberof</strong></span> <span class='ocrx_word' id='word_1_233' title='bbox 360 2840 536 2888; x_wconf 86' lang='lat' dir='ltr'><strong>thecommis·</strong></span> <span class='ocrx_word' id='word_1_234' title='bbox 580 2841 691 2888; x_wconf 89' lang='lat' dir='ltr'><strong>Plancus</strong></span> <span class='ocrx_word' id='word_1_235' title='bbox 721 2841 790 2897; x_wconf 91' lang='lat' dir='ltr'><strong>here,</strong></span> <span class='ocrx_word' id='word_1_236' title='bbox 814 2856 842 2889; x_wconf 88' lang='lat' dir='ltr'><strong>as</strong></span> <span class='ocrx_word' id='word_1_237' title='bbox 866 2842 885 2888; x_wconf 94' lang='lat' dir='ltr'><strong>it</strong></span> <span class='ocrx_word' id='word_1_238' title='bbox 912 2842 933 2889; x_wconf 93' lang='lat' dir='ltr'><strong>is</strong></span> <span class='ocrx_word' id='word_1_239' title='bbox 958 2844 1022 2891; x_wconf 92' lang='lat' dir='ltr'><strong>used</strong></span> <span class='ocrx_word' id='word_1_240' title='bbox 1051 2845 1077 2891; x_wconf 91' lang='lat' dir='ltr'><strong>in</strong></span> <span class='ocrx_word' id='word_1_241' title='bbox 1121 2838 1123 2841; x_wconf 67' lang='grc'><strong>’</strong></span> 
     </span>
     <span class='ocr_line' id='line_1_28' title="bbox 29 2906 1079 2970; baseline 0.004 -17"><span class='ocrx_word' id='word_1_242' title='bbox 29 2908 96 2955; x_wconf 90' lang='lat' dir='ltr'><strong>sion.</strong></span> <span class='ocrx_word' id='word_1_243' title='bbox 135 2908 177 2954; x_wconf 93' lang='lat' dir='ltr'><strong>On</strong></span> <span class='ocrx_word' id='word_1_244' title='bbox 193 2907 238 2964; x_wconf 86' lang='lat' dir='ltr'><strong>de,</strong></span> <span class='ocrx_word' id='word_1_245' title='bbox 252 2906 284 2953; x_wconf 86' lang='lat' dir='ltr'><strong>cf.</strong></span> <span class='ocrx_word' id='word_1_246' title='bbox 302 2906 363 2954; x_wconf 89' lang='lat' dir='ltr'><strong>Intr.</strong></span> <span class='ocrx_word' id='word_1_247' title='bbox 377 2920 406 2969; x_wconf 86' lang='lat'><strong>9¹</strong></span> <span class='ocrx_word' id='word_1_248' title='bbox 422 2906 472 2953; x_wconf 93' lang='lat' dir='ltr'><strong>and</strong></span> <span class='ocrx_word' id='word_1_249' title='bbox 487 2907 534 2968; x_wconf 89' lang='lat' dir='ltr'><strong>Ep.</strong></span> <span class='ocrx_word' id='word_1_250' title='bbox 578 2908 652 2953; x_wconf 84' lang='lat' dir='ltr'><strong>Fam.</strong></span> <span class='ocrx_word' id='word_1_251' title='bbox 668 2920 704 2953; x_wconf 92' lang='lat' dir='ltr'><strong>ro.</strong></span> <span class='ocrx_word' id='word_1_252' title='bbox 720 2921 758 2970; x_wconf 85' lang='lat'><strong>23.</strong></span> <span class='ocrx_word' id='word_1_253' title='bbox 775 2907 829 2970; x_wconf 83' lang='lat' dir='ltr'><strong>5of</strong></span> <span class='ocrx_word' id='word_1_254' title='bbox 847 2908 891 2955; x_wconf 90' lang='lat' dir='ltr'><strong>the</strong></span> <span class='ocrx_word' id='word_1_255' title='bbox 906 2908 1037 2959; x_wconf 84' lang='lat' dir='ltr'><strong>followers</strong></span> <span class='ocrx_word' id='word_1_256' title='bbox 1050 2911 1079 2958; x_wconf 86' lang='lat' dir='ltr'><strong>of</strong></span> 
     </span>
     <span class='ocr_line' id='line_1_29' title="bbox 30 2972 1077 3037; baseline 0.002 -16"><span class='ocrx_word' id='word_1_257' title='bbox 30 2974 88 3021; x_wconf 88' lang='lat' dir='ltr'><strong>XC.</strong></span> <span class='ocrx_word' id='word_1_258' title='bbox 105 2972 368 3021; x_wconf 86' lang='lat' dir='ltr'><strong>8n.-novissime</strong></span> <span class='ocrx_word' id='word_1_259' title='bbox 383 2990 389 3019; x_wconf 73' lang='grc' dir='ltr'>ε</span> <span class='ocrx_word' id='word_1_260' title='bbox 407 2972 440 3020; x_wconf 86' lang='lat' dir='ltr'><strong>cf.</strong></span> <span class='ocrx_word' id='word_1_261' title='bbox 454 2976 536 3019; x_wconf 77' lang='lat' dir='ltr'><strong>novis·</strong></span> <span class='ocrx_word' id='word_1_262' title='bbox 580 2975 695 3036; x_wconf 88' lang='lat' dir='ltr'><strong>Antony.</strong></span> <span class='ocrx_word' id='word_1_263' title='bbox 733 2973 794 3021; x_wconf 91' lang='lat' dir='ltr'><strong>Itis</strong></span> <span class='ocrx_word' id='word_1_264' title='bbox 813 2974 858 3022; x_wconf 88' lang='lat' dir='ltr'><strong>the</strong></span> <span class='ocrx_word' id='word_1_265' title='bbox 877 2975 976 3037; x_wconf 88' lang='lat' dir='ltr'><strong>epithet</strong></span> <span class='ocrx_word' id='word_1_266' title='bbox 994 2977 1077 3025; x_wconf 90' lang='lat' dir='ltr'><strong>which</strong></span> 
     </span>
     <span class='ocr_line' id='line_1_30' title="bbox 29 3039 1078 3104; baseline 0.005 -18"><span class='ocrx_word' id='word_1_267' title='bbox 29 3043 103 3095; x_wconf 81' lang='lat' dir='ltr'><strong>sima,</strong></span> <span class='ocrx_word' id='word_1_268' title='bbox 118 3042 167 3101; x_wconf 93' lang='lat' dir='ltr'><strong>Ep.</strong></span> <span class='ocrx_word' id='word_1_269' title='bbox 182 3039 336 3087; x_wconf 86' lang='lat' dir='ltr'><strong>LXXXVI.</strong></span> <span class='ocrx_word' id='word_1_270' title='bbox 350 3054 365 3102; x_wconf 89' lang='lat'>3</span> <span class='ocrx_word' id='word_1_271' title='bbox 379 3054 403 3085; x_wconf 93' lang='lat' dir='ltr'><strong>n.</strong></span> <span class='ocrx_word' id='word_1_272' title='bbox 416 3039 536 3087; x_wconf 87' lang='lat' dir='ltr'><strong>-0mni</strong></span> <span class='ocrx_word' id='word_1_273' title='bbox 579 3041 689 3103; x_wconf 88' lang='lat' dir='ltr'><strong>Antony</strong></span> <span class='ocrx_word' id='word_1_274' title='bbox 700 3040 804 3102; x_wconf 87' lang='lat' dir='ltr'><strong>applied</strong></span> <span class='ocrx_word' id='word_1_275' title='bbox 817 3041 876 3089; x_wconf 91' lang='lat' dir='ltr'><strong>with</strong></span> <span class='ocrx_word' id='word_1_276' title='bbox 891 3043 986 3104; x_wconf 90' lang='lat' dir='ltr'><strong>special</strong></span> <span class='ocrx_word' id='word_1_277' title='bbox 1003 3043 1078 3091; x_wconf 83' lang='lat' dir='ltr'><strong>fond·</strong></span> 
     </span>
     <span class='ocr_line' id='line_1_31' title="bbox 30 3105 1076 3169; baseline 0.003 -15"><span class='ocrx_word' id='word_1_278' title='bbox 30 3108 181 3156; x_wconf 86' lang='lat' dir='ltr'><strong>omnium:</strong></span> <span class='ocrx_word' id='word_1_279' title='bbox 201 3106 245 3154; x_wconf 89' lang='lat' dir='ltr'><strong>the</strong></span> <span class='ocrx_word' id='word_1_280' title='bbox 257 3105 380 3154; x_wconf 77' lang='lat' dir='ltr'><strong>socalled</strong></span> <span class='ocrx_word' id='word_1_281' title='bbox 385 3106 477 3169; x_wconf 80' lang='lat' dir='ltr'><strong>figura</strong></span> <span class='ocrx_word' id='word_1_282' title='bbox 489 3113 536 3169; x_wconf 85' lang='lat' dir='ltr'><strong>ety-</strong></span> <span class='ocrx_word' id='word_1_283' title='bbox 579 3122 639 3154; x_wconf 90' lang='lat' dir='ltr'><strong>ness</strong></span> <span class='ocrx_word' id='word_1_284' title='bbox 663 3116 691 3154; x_wconf 91' lang='lat' dir='ltr'><strong>to</strong></span> <span class='ocrx_word' id='word_1_285' title='bbox 716 3107 835 3155; x_wconf 89' lang='lat' dir='ltr'><strong>Caesar&#39;s</strong></span> <span class='ocrx_word' id='word_1_286' title='bbox 859 3109 994 3157; x_wconf 88' lang='lat' dir='ltr'><strong>assassins.</strong></span> <span class='ocrx_word' id='word_1_287' title='bbox 1035 3110 1076 3157; x_wconf 83' lang='lat' dir='ltr'><strong>Cf.</strong></span> 
     </span>
     <span class='ocr_line' id='line_1_32' title="bbox 30 3172 1077 3238; baseline 0.003 -18"><span class='ocrx_word' id='word_1_288' title='bbox 30 3173 200 3235; x_wconf 82' lang='lat' dir='ltr'><strong>mologico,of</strong></span> <span class='ocrx_word' id='word_1_289' title='bbox 211 3172 295 3220; x_wconf 89' lang='lat' dir='ltr'><strong>which</strong></span> <span class='ocrx_word' id='word_1_290' title='bbox 308 3172 398 3220; x_wconf 83' lang='lat' dir='ltr'><strong>oneof</strong></span> <span class='ocrx_word' id='word_1_291' title='bbox 409 3172 453 3220; x_wconf 93' lang='lat' dir='ltr'><strong>the</strong></span> <span class='ocrx_word' id='word_1_292' title='bbox 466 3180 536 3220; x_wconf 88' lang='lat' dir='ltr'><strong>most</strong></span> <span class='ocrx_word' id='word_1_293' title='bbox 580 3173 695 3221; x_wconf 87' lang='lat' dir='ltr'><strong>Cicero’s</strong></span> <span class='ocrx_word' id='word_1_294' title='bbox 716 3173 800 3221; x_wconf 90' lang='lat' dir='ltr'><strong>words</strong></span> <span class='ocrx_word' id='word_1_295' title='bbox 819 3182 847 3221; x_wconf 91' lang='lat' dir='ltr'><strong>to</strong></span> <span class='ocrx_word' id='word_1_296' title='bbox 865 3176 973 3224; x_wconf 89' lang='lat' dir='ltr'><strong>Cassius</strong></span> <span class='ocrx_word' id='word_1_297' title='bbox 993 3176 1077 3238; x_wconf 86' lang='lat' dir='ltr'><strong>(Fam.</strong></span> 
     </span>
     <span class='ocr_line' id='line_1_33' title="bbox 30 3239 1076 3305; baseline 0.002 -17"><span class='ocrx_word' id='word_1_298' title='bbox 30 3241 142 3303; x_wconf 86' lang='lat' dir='ltr'><strong>striking</strong></span> <span class='ocrx_word' id='word_1_299' title='bbox 166 3254 241 3288; x_wconf 85' lang='lat' dir='ltr'><strong>cases</strong></span> <span class='ocrx_word' id='word_1_300' title='bbox 266 3239 289 3287; x_wconf 90' lang='lat' dir='ltr'><strong>is</strong></span> <span class='ocrx_word' id='word_1_301' title='bbox 313 3246 414 3301; x_wconf 83' lang='lat' dir='ltr'><strong>optumo</strong></span> <span class='ocrx_word' id='word_1_302' title='bbox 437 3247 538 3301; x_wconf 81' lang='lat' dir='ltr'><strong>optume</strong></span> <span class='ocrx_word' id='word_1_303' title='bbox 582 3253 618 3286; x_wconf 86' lang='lat'><strong>12.</strong></span> <span class='ocrx_word' id='word_1_304' title='bbox 632 3255 655 3303; x_wconf 85' lang='lat'><strong>3.</strong></span> <span class='ocrx_word' id='word_1_305' title='bbox 671 3240 710 3299; x_wconf 72' lang='lat' dir='ltr'><strong>il:</strong></span> <span class='ocrx_word' id='word_1_306' title='bbox 725 3243 844 3302; x_wconf 74' lang='lat' dir='ltr'><strong>primum</strong></span> <span class='ocrx_word' id='word_1_307' title='bbox 861 3243 890 3289; x_wconf 86' lang='lat' dir='ltr'><strong>in</strong></span> <span class='ocrx_word' id='word_1_308' title='bbox 902 3248 987 3290; x_wconf 79' lang='lat' dir='ltr'><strong>statua</strong></span> <span class='ocrx_word' id='word_1_309' title='bbox 999 3260 1076 3305; x_wconf 87' lang='lat' dir='ltr'><strong>quom</strong></span> 
     </span>
     <span class='ocr_line' id='line_1_34' title="bbox 29 3307 1077 3369; baseline 0.005 -17"><span class='ocrx_word' id='word_1_310' title='bbox 29 3316 161 3368; x_wconf 80' lang='lat' dir='ltr'><strong>optumam</strong></span> <span class='ocrx_word' id='word_1_311' title='bbox 168 3314 270 3368; x_wconf 83' lang='lat' dir='ltr'><strong>operam</strong></span> <span class='ocrx_word' id='word_1_312' title='bbox 278 3308 331 3362; x_wconf 84' lang='lat' dir='ltr'><strong>dos,</strong></span> <span class='ocrx_word' id='word_1_313' title='bbox 339 3307 422 3354; x_wconf 89' lang='lat' dir='ltr'><strong>Plaut.</strong></span> <span class='ocrx_word' id='word_1_314' title='bbox 440 3308 535 3368; x_wconf 79' lang='lat' dir='ltr'><strong>Amph.</strong></span> <span class='ocrx_word' id='word_1_315' title='bbox 574 3308 663 3368; x_wconf 83' lang='lat' dir='ltr'><strong>posuit</strong></span> <span class='ocrx_word' id='word_1_316' title='bbox 674 3308 702 3353; x_wconf 84' lang='lat' dir='ltr'><strong>in</strong></span> <span class='ocrx_word' id='word_1_317' title='bbox 711 3309 802 3355; x_wconf 81' lang='lat' dir='ltr'><strong>rostris</strong></span> <span class='ocrx_word' id='word_1_318' title='bbox 811 3309 943 3369; x_wconf 68' lang='lat' dir='ltr'><strong>inscripsit</strong></span> <span class='ocrx_word' id='word_1_319' title='bbox 953 3321 1077 3357; x_wconf 79' lang='lat' dir='ltr'><strong>PARENTI</strong></span> 
     </span>
     <span class='ocr_line' id='line_1_35' title="bbox 32 3374 1078 3435; baseline 0.004 -15"><span class='ocrx_word' id='word_1_320' title='bbox 32 3374 89 3434; x_wconf 85' lang='lat'>278;</span> <span class='ocrx_word' id='word_1_321' title='bbox 105 3374 139 3423; x_wconf 85' lang='lat' dir='ltr'><strong>cf.</strong></span> <span class='ocrx_word' id='word_1_322' title='bbox 154 3374 210 3421; x_wconf 84' lang='lat' dir='ltr'><strong>also</strong></span> <span class='ocrx_word' id='word_1_323' title='bbox 223 3374 346 3421; x_wconf 65' lang='lat' dir='ltr'><strong>occidione</strong></span> <span class='ocrx_word' id='word_1_324' title='bbox 358 3376 473 3430; x_wconf 89' lang='lat' dir='ltr'><strong>occisum,</strong></span> <span class='ocrx_word' id='word_1_325' title='bbox 488 3375 535 3435; x_wconf 92' lang='lat' dir='ltr'><strong>Ep.</strong></span> <span class='ocrx_word' id='word_1_326' title='bbox 579 3385 689 3421; x_wconf 76' lang='lat' dir='ltr'>OPTIME</span> <span class='ocrx_word' id='word_1_327' title='bbox 726 3386 834 3422; x_wconf 77' lang='lat' dir='ltr'><strong>MERITo</strong></span> <span class='ocrx_word' id='word_1_328' title='bbox 864 3381 894 3421; x_wconf 82' lang='lat' dir='ltr'><strong>ut</strong></span> <span class='ocrx_word' id='word_1_329' title='bbox 925 3391 976 3421; x_wconf 88' lang='lat' dir='ltr'><strong>non</strong></span> <span class='ocrx_word' id='word_1_330' title='bbox 1006 3379 1078 3424; x_wconf 87' lang='lat' dir='ltr'><strong>modo</strong></span> 
     </span>
     <span class='ocr_line' id='line_1_36' title="bbox 32 3439 1077 3502; baseline 0.001 -13"><span class='ocrx_word' id='word_1_331' title='bbox 32 3440 163 3489; x_wconf 90' lang='lat' dir='ltr'><strong>XXXIV.</strong></span> <span class='ocrx_word' id='word_1_332' title='bbox 182 3454 196 3501; x_wconf 90' lang='lat'><em>7</em></span> <span class='ocrx_word' id='word_1_333' title='bbox 215 3456 239 3487; x_wconf 91' lang='lat' dir='ltr'><strong>n.</strong></span> <span class='ocrx_word' id='word_1_334' title='bbox 283 3440 483 3487; x_wconf 89' lang='lat' dir='ltr'><strong>Combinations</strong></span> <span class='ocrx_word' id='word_1_335' title='bbox 507 3439 537 3486; x_wconf 77' lang='lat' dir='ltr'><strong>of</strong></span> <span class='ocrx_word' id='word_1_336' title='bbox 579 3442 670 3487; x_wconf 83' lang='lat' dir='ltr'><strong>sicorii</strong></span> <span class='ocrx_word' id='word_1_337' title='bbox 680 3441 724 3486; x_wconf 81' lang='lat' dir='ltr'><strong>sed</strong></span> <span class='ocrx_word' id='word_1_338' title='bbox 733 3442 784 3487; x_wconf 84' lang='lat' dir='ltr'><strong>iam</strong></span> <span class='ocrx_word' id='word_1_339' title='bbox 798 3443 873 3489; x_wconf 85' lang='lat' dir='ltr'><strong>etiam</strong></span> <span class='ocrx_word' id='word_1_340' title='bbox 883 3443 1032 3502; x_wconf 79' lang='lat' dir='ltr'><strong>parricidae</strong></span> <span class='ocrx_word' id='word_1_341' title='bbox 1041 3446 1077 3491; x_wconf 87' lang='lat' dir='ltr'><strong>iu-</strong></span> 
     </span>
     <span class='ocr_line' id='line_1_37' title="bbox 31 3506 1076 3569; baseline 0.003 -15"><span class='ocrx_word' id='word_1_342' title='bbox 31 3509 136 3556; x_wconf 87' lang='lat' dir='ltr'><strong>various</strong></span> <span class='ocrx_word' id='word_1_343' title='bbox 149 3507 233 3554; x_wconf 79' lang='lat' dir='ltr'><strong>forms</strong></span> <span class='ocrx_word' id='word_1_344' title='bbox 245 3507 274 3554; x_wconf 84' lang='lat' dir='ltr'><strong>of</strong></span> <span class='ocrx_word' id='word_1_345' title='bbox 286 3510 370 3553; x_wconf 87' lang='lat' dir='ltr'><strong>omnis</strong></span> <span class='ocrx_word' id='word_1_346' title='bbox 382 3522 425 3555; x_wconf 89' lang='lat' dir='ltr'><strong>are</strong></span> <span class='ocrx_word' id='word_1_347' title='bbox 438 3506 535 3568; x_wconf 91' lang='lat' dir='ltr'><strong>special</strong></span> <span class='ocrx_word' id='word_1_348' title='bbox 578 3508 704 3554; x_wconf 81' lang='lat' dir='ltr'><strong>dicemini.</strong></span> <span class='ocrx_word' id='word_1_349' title='bbox 741 3507 782 3554; x_wconf 82' lang='lat' dir='ltr'><strong>Cf.</strong></span> <span class='ocrx_word' id='word_1_350' title='bbox 796 3508 852 3555; x_wconf 92' lang='lat' dir='ltr'><strong>also</strong></span> <span class='ocrx_word' id='word_1_351' title='bbox 866 3509 922 3555; x_wconf 90' lang='lat' dir='ltr'><strong>Val.</strong></span> <span class='ocrx_word' id='word_1_352' title='bbox 935 3509 1004 3556; x_wconf 85' lang='lat' dir='ltr'><strong>Max.</strong></span> <span class='ocrx_word' id='word_1_353' title='bbox 1021 3509 1043 3557; x_wconf 90' lang='lat'><strong>6.</strong></span> <span class='ocrx_word' id='word_1_354' title='bbox 1053 3524 1076 3569; x_wconf 85' lang='lat'><strong>4.</strong></span> 
     </span>
     <span class='ocr_line' id='line_1_38' title="bbox 31 3574 1078 3637; baseline 0.004 -18"><span class='ocrx_word' id='word_1_355' title='bbox 31 3574 164 3623; x_wconf 80' lang='lat' dir='ltr'><strong>lavotites.</strong></span> <span class='ocrx_word' id='word_1_356' title='bbox 580 3588 593 3637; x_wconf 82' lang='lat'><strong>5</strong></span> <span class='ocrx_word' id='word_1_357' title='bbox 611 3575 649 3620; x_wconf 92' lang='lat' dir='ltr'><strong>M.</strong></span> <span class='ocrx_word' id='word_1_358' title='bbox 663 3574 764 3620; x_wconf 83' lang='lat' dir='ltr'><strong>Brutus</strong></span> <span class='ocrx_word' id='word_1_359' title='bbox 784 3590 890 3621; x_wconf 85' lang='lat' dir='ltr'><strong>suorum</strong></span> <span class='ocrx_word' id='word_1_360' title='bbox 901 3576 978 3635; x_wconf 76' lang='lat' dir='ltr'><strong>prim</strong></span> <span class='ocrx_word' id='word_1_361' title='bbox 997 3578 1078 3624; x_wconf 80' lang='lat' dir='ltr'><strong>vi&#39;rtu·</strong></span> 
     </span>
    </p>

    <p class='ocr_par' dir='ltr' id='par_1_9' title="bbox 31 3640 1078 3840">
     <span class='ocr_line' id='line_1_39' title="bbox 63 3640 1078 3706; baseline 0 -17"><span class='ocrx_word' id='word_1_362' title='bbox 63 3656 85 3706; x_wconf 90' lang='lat'><strong>3.</strong></span> <span class='ocrx_word' id='word_1_363' title='bbox 105 3647 216 3706; x_wconf 86' lang='lat' dir='ltr'><strong>quanta</strong></span> <span class='ocrx_word' id='word_1_364' title='bbox 229 3640 266 3687; x_wconf 85' lang='lat' dir='ltr'><strong>sit</strong></span> <span class='ocrx_word' id='word_1_365' title='bbox 281 3675 287 3687; x_wconf 96' lang='lat'><strong>.</strong></span> <span class='ocrx_word' id='word_1_366' title='bbox 302 3675 308 3687; x_wconf 93' lang='lat'><strong>.</strong></span> <span class='ocrx_word' id='word_1_367' title='bbox 323 3674 329 3687; x_wconf 90' lang='lat'><strong>.</strong></span> <span class='ocrx_word' id='word_1_368' title='bbox 343 3640 413 3698; x_wconf 85' lang='lat' dir='ltr'><strong>sci0‚</strong></span> <span class='ocrx_word' id='word_1_369' title='bbox 429 3641 449 3686; x_wconf 92' lang='lat' dir='ltr'><em>I</em></span> <span class='ocrx_word' id='word_1_370' title='bbox 460 3640 535 3687; x_wconf 83' lang='lat' dir='ltr'><strong>know</strong></span> <span class='ocrx_word' id='word_1_371' title='bbox 576 3647 630 3687; x_wconf 88' lang='lat' dir='ltr'><strong>tum</strong></span> <span class='ocrx_word' id='word_1_372' title='bbox 650 3656 728 3703; x_wconf 85' lang='lat' dir='ltr'><strong>quom</strong></span> <span class='ocrx_word' id='word_1_373' title='bbox 743 3643 847 3701; x_wconf 73' lang='lat' dir='ltr'><strong>potriue</strong></span> <span class='ocrx_word' id='word_1_374' title='bbox 860 3644 978 3701; x_wconf 79' lang='lat' dir='ltr'><strong>parentis</strong></span> <span class='ocrx_word' id='word_1_375' title='bbox 990 3646 1078 3702; x_wconf 80' lang='lat' dir='ltr'><strong>porri-</strong></span> 
     </span>
     <span class='ocr_line' id='line_1_40' title="bbox 33 3706 1078 3771; baseline 0.003 -17"><span class='ocrx_word' id='word_1_376' title='bbox 33 3709 85 3756; x_wconf 78' lang='lat' dir='ltr'><strong>imo</strong></span> <span class='ocrx_word' id='word_1_377' title='bbox 92 3714 172 3771; x_wconf 80' lang='lat' dir='ltr'><strong>great</strong></span> <span class='ocrx_word' id='word_1_378' title='bbox 181 3723 217 3754; x_wconf 87' lang='lat' dir='ltr'><strong>on</strong></span> <span class='ocrx_word' id='word_1_379' title='bbox 232 3723 361 3767; x_wconf 74' lang='lat' dir='ltr'><strong>eogerness</strong></span> <span class='ocrx_word' id='word_1_380' title='bbox 375 3707 464 3767; x_wconf 74' lang='lat' dir='ltr'><strong>proplc</strong></span> <span class='ocrx_word' id='word_1_381' title='bbox 479 3707 536 3769; x_wconf 79' lang='lat' dir='ltr'><strong>scel</strong></span> <span class='ocrx_word' id='word_1_382' title='bbox 575 3708 640 3754; x_wconf 85' lang='lat' dir='ltr'><strong>cido.</strong></span> <span class='ocrx_word' id='word_1_383' title='bbox 676 3706 733 3753; x_wconf 91' lang='lat' dir='ltr'><strong>The</strong></span> <span class='ocrx_word' id='word_1_384' title='bbox 746 3722 817 3753; x_wconf 89' lang='lat' dir='ltr'><strong>same</strong></span> <span class='ocrx_word' id='word_1_385' title='bbox 830 3707 928 3769; x_wconf 86' lang='lat' dir='ltr'><strong>epithet</strong></span> <span class='ocrx_word' id='word_1_386' title='bbox 941 3709 962 3755; x_wconf 93' lang='lat' dir='ltr'><strong>is</strong></span> <span class='ocrx_word' id='word_1_387' title='bbox 975 3709 1078 3771; x_wconf 91' lang='lat' dir='ltr'><strong>applied</strong></span> 
     </span>
     <span class='ocr_line' id='line_1_41' title="bbox 31 3772 1077 3840; baseline 0.004 -18"><span class='ocrx_word' id='word_1_388' title='bbox 31 3777 77 3837; x_wconf 84' lang='lat' dir='ltr'><strong>jor</strong></span> <span class='ocrx_word' id='word_1_389' title='bbox 92 3793 109 3824; x_wconf 85' lang='lat' dir='ltr'><strong>a</strong></span> <span class='ocrx_word' id='word_1_390' title='bbox 127 3775 236 3825; x_wconf 64' lang='lat' dir='ltr'><strong>decisivo</strong></span> <span class='ocrx_word' id='word_1_391' title='bbox 259 3776 362 3839; x_wconf 83' lang='lat' dir='ltr'><strong>victory.</strong></span> <span class='ocrx_word' id='word_1_392' title='bbox 400 3775 449 3823; x_wconf 86' lang='lat' dir='ltr'><strong>See</strong></span> <span class='ocrx_word' id='word_1_393' title='bbox 468 3773 532 3821; x_wconf 87' lang='lat' dir='ltr'><strong>Crit.</strong></span> <span class='ocrx_word' id='word_1_394' title='bbox 577 3772 610 3840; x_wconf 92' lang='lat' dir='ltr'><strong>by</strong></span> <span class='ocrx_word' id='word_1_395' title='bbox 624 3773 722 3823; x_wconf 88' lang='lat' dir='ltr'><strong>Sallust</strong></span> <span class='ocrx_word' id='word_1_396' title='bbox 735 3782 763 3823; x_wconf 90' lang='lat' dir='ltr'><strong>to</strong></span> <span class='ocrx_word' id='word_1_397' title='bbox 776 3774 911 3825; x_wconf 84' lang='lat' dir='ltr'><strong>Catiline’s</strong></span> <span class='ocrx_word' id='word_1_398' title='bbox 924 3776 1077 3839; x_wconf 82' lang='lat' dir='ltr'><strong>associates3</strong></span> 
     </span>
    </p>
   </div>
   <div class='ocr_carea' id='block_1_4' title="bbox 0 0 1302 4200">
    <p class='ocr_par' dir='ltr' id='par_1_10' title="bbox 0 0 1302 4200">
     <span class='ocr_line' id='line_1_42' title="bbox 0 0 1302 4200; baseline 0 0"><span class='ocrx_word' id='word_1_399' title='bbox 0 0 1302 4200; x_wconf 95' lang='lat' dir='ltr'><strong> </strong></span> 
     </span>
    </p>
   </div>
  </div>
 </body>
</html>
