2575 4200
16 264 95 311 Eam.
110 277 135 326 9.
153 262 205 327 11.]

368 263 536 311 CICERO’S
563 263 737 311 LETTERS.
765 321 767 326 ,

1032 260 1083 309 219

16 432 92 495 Sed
112 450 180 493 nec
197 438 277 493 tuae
293 430 385 493 domi
401 430 606 511 probabatur
623 450 686 493 nec
710 450 805 493 meae
829 437 989 511 poteram,
1008 448 1080 502 nec,

16 540 40 602 si
73 538 221 620 propius
246 558 357 601 essem
384 536 524 619 uspiam,
551 547 664 601 tecum
693 545 962 612 tamenessem
994 536 1082 599 idem

16 647 116 711 enim
136 655 172 709 te
190 645 369 727 impediret
387 665 453 727 quo
474 645 586 709 minus
610 665 743 709 mecum
768 665 862 709 esses
879 645 968 727 quo'd
992 664 1082 707 nunc

16 755 130 818 etiam
148 753 302 835 impedit.
353 753 440 816 Mihi
456 753 565 817 adhuc
582 752 667 815 nihil
683 753 775 834 prius
792 753 857 816 tuit
883 752 945 816 hac
970 750 1083 816 solitu-

16 864 112 937 dine,
130 881 232 943 quam
246 881 365 924 vereor
383 881 426 924 ne
444 860 618 942 Philippus
636 860 746 936 tollat;
764 860 836 923 heri
849 861 938 922 enirn
952 859 1082 941 vesperi

16 978 177 1034 uenerat.
232 969 303 1032 'Me
336 968 475 1051 scriptio
508 976 542 1031 et
578 967 712 1032 litterae
745 989 813 1031 non
848 967 990 1043 leniunt,
1023 967 1084 1030 sed

15 1076 225 1143 obturbant.

251 1332 253 1339 Ι
334 1246 505 1310 LXXIII.
542 1246 645 1331 (Fam.
664 1265 697 1328 9.
720 1247 784 1329 ιι.)

329 1418 468 1468 CICERO
494 1419 744 1468 DOLABELLAE
768 1420 794 1467 S.

68 1538 138 1601 Vel
157 1556 235 1599 meo
252 1536 358 1617 ipsius
376 1535 516 1599 interitu
534 1535 667 1598 mallem
692 1535 823 1597 litteras
848 1556 941 1599 meas
957 1535 1085 1598 deside·
1104 1562 1114 1597 1

23 1666 119 1709 rares
136 1666 241 1727 quam
259 1664 299 1706 eo
316 1664 397 1707 casu
410 1663 478 1725 quo
494 1664 569 1706 sum
586 1643 784 1725 gravissime
797 1643 967 1719 adflictus;
984 1664 1083 1725 quem

23 1754 152 1817 ferrern
170 1761 265 1816 certe
282 1751 497 1827 moderatius,
518 1751 597 1814 site
615 1751 774 1814 haberem
791 1772 799 1828 ;
823 1772 901 1813 narn
921 1761 960 1839 et·
977 1751 1084 1814 oratio

26 1870 85 1923 tua
103 1861 256 1943 prudens
273 1868 307 1923 et
329 1879 423 1923 amor
445 1880 525 1941 erga
549 1879 603 1922 me
628 1858 809 1941 singularis
834 1859 976 1922 multum
1000 1858 1084 1921 leva-

27 1978 88 2033 ret.
143 1968 214 2032 Sed
231 1968 389 2050 quoniam
407 1968 501 2030 brevi
520 1976 684 2048 tempore,
704 1976 740 2029 ut
758 1967 871 2048 opinio
888 1977 1003 2030 nostra
1020 1976 1082 2041 est,

30 2086 62 2140 te
89 2098 166 2141 sum
191 2076 334 2152 visurus,
353 2076 401 2139 ita
426 2096 479 2139 me
504 2076 675 2140 adlectum
700 2076 855 2140 offendes
880 2084 916 2138 ut
941 2075 1084 2139 multum

32 2196 100 2248 ate
118 2185 248 2268 possim
265 2184 381 2259 iuvari,
396 2205 464 2247 non
477 2205 544 2266 quo
562 2185 609 2246 ita
626 2184 689 2247 sim
706 2185 835 2248 fractus
854 2193 890 2246 ut
907 2194 965 2247 aut
982 2184 1085 2247 homi-

33 2315 108 2358 nem
128 2313 183 2356 me
200 2313 277 2356 esse
294 2291 420 2356 oblitus
443 2292 506 2356 sim
531 2300 589 2356 aut
613 2293 770 2356 fortunae
796 2293 1083 2356 succumbendum

37 2453 210 2509 123.—tuae
232 2445 325 2493 domi:
344 2443 430 2493 where
446 2443 479 2492 he
498 2459 534 2492 re·

35 2511 137 2560 mained
149 2513 192 2560 for
204 2527 221 2560 a
233 2510 307 2560 short
320 2511 382 2559 time
395 2510 462 2558 after
474 2510 535 2558 Tul-

35 2579 89 2627 lia's
108 2579 197 2627 death.
208 2606 243 2613 -
254 2585 402 2640 poteram:
425 2594 458 2624 sc.
477 2593 533 2624 esse.

36 2646 244 2708 -Philippusr
266 2645 294 2692 L.
309 2643 423 2692 Marcius
443 2643 535 2705 Philip

36 2725 89 2772 pus,
108 2712 154 2760 the
176 2709 324 2772 stepiather
342 2710 371 2758 ol
390 2712 534 2772 Augustus,

37 2776 86 2825 had
103 2793 120 2826 a
132 2777 238 2826 villain
256 2777 302 2826 the
319 2775 534 2840 neighborhood;

38 2843 67 2890 cf.
85 2846 140 2892 Att.
164 2857 202 2891 12.
227 2842 266 2892 18.
290 2844 483 2905 1.—scriptio
507 2850 535 2891 et

38 2908 166 2960 litterae:
196 2917 244 2958 not
270 2910 463 2972 letter-writing‚
488 2909 535 2957 but

40 2975 139 3042 literary
161 2977 244 3025 work.
291 2976 332 3025 Cf.
362 2977 425 3025 Intr.
451 2989 488 3040 51.
502 3003 536 3012 —-

41 3045 209 3094 obturbant:
239 3059 256 3092 a
281 3044 419 3108 colloquial
443 3042 536 3091 substi-

41 3115 91 3158 tute
102 3111 146 3159 ior
157 3111 264 3158 turbare
273 3126 285 3168 ,·
303 3109 337 3158 cf.
351 3110 414 3158 Intr.
428 3109 467 3171 78.
504 3109 536 3157 In

42 3173 77 3223 his
88 3177 180 3226 letters
194 3177 263 3241 only,
276 3176 417 3239 according
428 3184 456 3224 to
470 3175 536 3224 Stin-

43 3255 89 3298 ner‚
106 3244 202 3292 Cicero
223 3243 320 3291 admits
341 3243 386 3291 the
403 3242 537 3304 following

44 3309 202 3373 compounds
221 3310 250 3357 of
270 3311 315 3357 ob:
339 3310 440 3366 obduro,
454 3310 537 3356 oblan-

43 3387 129 3435 gtrcsco,
141 3377 252 3432 obtendo,
265 3374 318 3424 and
330 3377 454 3424 occalesco.

75 3442 204 3492 LXXIII.
229 3442 287 3490 The
301 3443 361 3490 villa
379 3442 408 3489 of
426 3442 536 3497 Atticus,

46 3514 69 3552 at
91 3509 202 3565 Ficulea,
221 3524 289 3557 soon
313 3508 380 3556 after
400 3509 472 3570 April
497 3522 536 3564 20,

48 3585 74 3634 45
86 3585 131 3623 nc.
170 3577 252 3637 Upon
266 3575 412 3628 Dolabella.
426 3575 458 3622 cf.
473 3576 536 3621 Intr.

49 3638 80 3698 56.
112 3641 177 3690 This
190 3641 267 3689 letter
278 3641 300 3689 is
312 3641 412 3689 written
426 3642 451 3688 in
465 3641 536 3704 reply

49 3709 101 3752 toa
121 3709 201 3757 letter
224 3707 254 3754 of
276 3707 436 3755 condolence
455 3705 536 3754 which

51 3769 178 3824 Dolabella
198 3773 252 3821 had
270 3781 327 3822 sent
346 3781 374 3820 to
393 3774 485 3822 Cicero
503 3787 537 3820 on

588 2443 696 2504 hearing
713 2443 742 2490 of
759 2443 867 2491 Tullia’s
884 2442 971 2491 death.
1006 2444 1086 2492 Dola-

588 2508 658 2557 bella
676 2525 727 2557 was
746 2517 773 2557 at
794 2510 845 2557 this
866 2512 929 2558 time
949 2510 975 2557 in
997 2510 1085 2572 Spain,

588 2576 677 2638 acting
688 2591 716 2623 as
729 2576 848 2625 Caesar’s
860 2577 951 2638 legate.

625 2656 647 2688 1.
665 2642 762 2704 opinio
782 2651 897 2691 nostra:
924 2659 958 2690 on
980 2643 1025 2692 the
1046 2659 1087 2692 ex·

590 2709 724 2771 pectation
741 2709 771 2756 of
793 2724 810 2756 a
828 2708 940 2757 decisive
959 2709 1041 2759 battle
1059 2711 1086 2758 in

592 2776 680 2838 Spain,
693 2775 725 2823 cf.
740 2776 770 2823 dc
787 2777 925 2837 Hispania,
939 2778 986 2839 Ep.
1001 2779 1085 2825 LXX.

590 2855 638 2905 3n.
647 2850 719 2890 -ut
732 2875 739 2890 .
755 2877 762 2889 .
777 2877 784 2889 .
797 2843 906 2891 iuvari:
920 2843 1013 2891 Cicero
1022 2843 1087 2892 does

588 2916 636 2956 not
649 2909 741 2964 reveal
754 2908 837 2957 either
854 2909 880 2956 in
898 2909 950 2957 this
967 2909 1044 2958 letter
1057 2926 1087 2958 or

588 2975 615 3023 in
627 2975 667 3023 his
679 2975 769 3023 letters
781 2982 809 3022 to
823 2975 934 3032 Atticus,
945 2975 990 3023 the
1001 2976 1088 3025 bitter-

588 3057 649 3091 ness
661 3041 744 3089 which
756 3056 794 3089 we
810 3041 907 3090 should
923 3051 1015 3105 expect
1032 3042 1087 3090 him

588 3116 617 3157 to
628 3108 680 3156 feel
692 3123 728 3156 on
740 3115 852 3156 account
864 3107 893 3155 of
904 3108 949 3157 the
961 3109 1087 3157 heartless

588 3175 640 3223 and
670 3190 819 3238 mercenary
842 3182 980 3223 treatment
1004 3177 1084 3224 which

590 3241 676 3289 Tullia
691 3240 745 3289 had
758 3240 874 3290 suffered
885 3248 913 3289 at
926 3241 1087 3290 Dolabella’s

588 3307 689 3369 hands;
707 3307 741 3356 cf.
760 3308 807 3370 Ep.
826 3308 904 3357 LVII
924 3309 1088 3357 n.-fortu-

589 3389 644 3423 nae
655 3410 661 3422 .
672 3410 679 3423 .
690 3409 697 3422 .
708 3383 823 3437 putem:
836 3375 863 3423 in
872 3390 888 3422 a
896 3375 973 3424 letter
982 3375 1010 3423 ol
1022 3391 1088 3439 syrn-

589 3442 670 3505 pathy
678 3449 706 3488 to
715 3442 800 3491 Titius
809 3442 893 3506 (Fam.
906 3441 977 3506 5.16.
992 3444 1017 3505 2)
1032 3443 1088 3490 Cic-

589 3524 634 3556 ero
644 3509 743 3556 writes:
755 3515 792 3555 est
796 3516 881 3556 autem
891 3510 1027 3557 consolatio
1030 3516 1089 3570 per-

589 3576 694 3636 vulgata
703 3576 804 3637 quidem
816 3577 862 3623 illa
875 3577 996 3631 maxime,
1008 3592 1086 3638 quam

588 3648 687 3702 semper
698 3643 726 3686 in
745 3657 787 3688 ore
802 3648 876 3704 atque
892 3643 921 3687 in
939 3644 1028 3689 animo
1045 3643 1089 3689 lra-

589 3707 644 3762 bere
661 3708 783 3763 debemus,
801 3708 914 3755 homines
932 3725 977 3755 nos
994 3716 1025 3756 ut
1039 3726 1089 3757 csse

589 3775 784 3821 meminerimus
801 3789 829 3820 ca
845 3774 896 3834 lege
906 3782 979 3822 natos
995 3782 1025 3822 ut
1040 3792 1089 3822 om-
