2575 4200
50 243 191 309 Att.3.12.]
380 244 546 293 CICERO’S
572 246 746 294 LETTERS.
1054 242 1086 294 53

49 426 237 494 quamquam
253 412 393 474 ferenda
410 432 477 474 non
495 421 584 487 sunt,
602 412 760 475 feramus.
802 412 919 494 Atque
935 432 1009 494 egb,
1029 413 1086 494 qui

50 530 84 581 te
98 520 259 595 confirmo,
280 520 353 602 ipse
369 541 423 583 me
439 541 507 583 non
524 541 672 602 possum.
724 520 878 584 Clodium
900 520 1087 583 Philhetae-
1105 526 1121 576 6

50 648 116 689 rum
131 630 216 710 quod
232 627 425 691 valetudine
448 629 617 692 oculorum
643 628 897 711 impediebatur,
915 628 1086 692 hominem

50 736 180 811 fidelem,
206 736 328 799 remisi.
381 737 560 799 Sallustius
588 737 698 800 officio
723 736 826 800 vincit
852 757 979 800 omnes.
1030 737 1086 800 Pe·
1133 740 1137 745 “

49 844 195 906 scennius
220 854 271 907 est
297 845 540 926 perbenevolus
567 846 675 919 nobis,
703 864 804 927 quern
830 865 963 926 semper
988 864 1086 926 spero

50 952 96 1013 tui
109 952 177 1015 lore
193 954 438 1016 observantem.
483 953 559 1017 Sica
576 953 705 1016 dixerat
723 973 760 1016 se
777 973 909 1016 mecum
929 953 1011 1028 iore,
1027 954 1087 1017 sed

52 1060 218 1123 Brundisio
235 1061 401 1124 discessit.
453 1061 550 1137 Cura,
570 1062 659 1144 quod
677 1071 784 1143 potes,
803 1071 839 1123 ut
857 1061 969 1124 valeas
987 1070 1020 1124 et
1038 1061 1086 1124 sic

51 1170 220 1246 existimes,
239 1191 293 1233 me
310 1170 543 1234 vehementius
562 1179 621 1231 tua
642 1170 777 1233 miseria
793 1190 892 1251 quam
910 1189 984 1231 mea
1000 1189 1087 1232 com·

51 1279 173 1342 moveri.
223 1280 301 1341 Mea
326 1278 493 1352 Terentia,
521 1278 682 1340 fidissima
709 1287 810 1360 atque
842 1277 970 1359 optima
994 1297 1084 1351 uxor,

51 1395 81 1446 et
101 1407 168 1449 mea
189 1386 361 1450 carissima
381 1385 482 1448 filiola
504 1395 537 1448 et
561 1406 638 1467 spes
663 1386 790 1468 reliqua
814 1393 937 1460 nostra,
958 1384 1085 1460 Cicero

52 1495 158 1559 valete.
209 1496 259 1558 Pr.
279 1496 322 1558 K.
344 1494 423 1559 Mai.
473 1494 662 1557 Brundisio.

396 1730 477 1793 XlI.
515 1729 598 1813 (Art.
618 1747 647 1809 3.
671 1732 735 1807 12.)

362 1888 502 1937 cicero
527 1886 667 1935 arrico
692 1887 768 1935 SAL.

94 2025 141 2087 Tu
157 2025 290 2108 quidem
309 2022 425 2086 sedulo
441 1998 687 2104 argumentaris
705 2021 783 2104 quid
809 2022 852 2083 sit
874 2023 1085 2104 sperandum,
1109 2052 1118 2086 1

54 2142 83 2194 et
98 2135 233 2196 maxime
250 2153 310 2214 per
326 2141 490 2205 senatum,
510 2131 666 2212 idemque
683 2139 783 2211 caput
809 2131 992 2212 rogationis
1017 2151 1088 2213 pro-

55 2242 123 2319 poni
146 2241 274 2316 scribis,
300 2260 403 2322 quare
427 2239 461 2300 in
487 2248 608 2301 senatu
632 2239 698 2301 dici
723 2239 805 2332 nihil
830 2239 944 2314 liceat;
977 2239 1088 2321 itaque

55 2348 168 2413 siletur.
208 2350 275 2412 Hic
293 2359 331 2411 tu
347 2369 401 2411 me
418 2368 556 2411 accusas
573 2346 663 2429 quod
680 2366 734 2408 me
751 2346 928 2422 adflictem,
948 2368 1023 2411 cum
1043 2348 1089 2410 ita

83 2490 102 2537 6.
126 2492 257 2540 Clodium
312 2490 538 2547 Philhetaerum,

56 2556 207 2615 Sallustius,
233 2557 428 2606 Pescennius:
457 2555 540 2604 freed-

55 2623 386 2687 nen-perbenevolus:
416 2625 448 2672 cf.
474 2625 536 2672 Intr.

55 2692 215 2747 77.—Siea:
246 2690 279 2738 cl.
305 2691 353 2752 Ep.
378 2691 538 2754 X.-quod

55 2763 142 2814 potes:
165 2756 226 2804 with
242 2763 315 2817 posse
333 2755 378 2802 the
397 2754 540 2803 restrictive

56 2821 148 2870 relative
171 2823 240 2886 quod
258 2819 310 2871 and
330 2822 398 2884 quod
418 2823 473 2868 eius
495 2835 538 2868 are

55 2886 116 2936 often
127 2888 210 2938 found
219 2888 281 2937 with
294 2887 339 2935 the
356 2887 432 2936 indic.
445 2888 470 2934 in
484 2887 540 2935 Cic-

55 2966 91 2999 ero
102 2954 150 3003 and
162 2956 187 3004 in
202 2956 319 3004 Terence
333 2953 460 3018 (Bockel).
497 2953 538 3001 Cf.

57 3022 98 3068 Art.
110 3036 144 3070 10.
159 3037 180 3070 2.
192 3037 205 3070 2
218 3029 246 3069 tu
259 3029 352 3076 tamen,
362 3022 431 3084 quod
437 3022 538 3082 potera,

57 3093 80 3131 ut
88 3090 165 3136 adhuc
170 3089 264 3150 fecisti,
277 3103 323 3134 nos
340 3088 453 3134 consiliis
469 3089 540 3134 iuva·

56 3151 90 3199 bis.
112 3156 141 3202 In
155 3156 206 3204 this
218 3155 303 3210 letter,
313 3169 363 3201 one
372 3153 401 3201 of
413 3153 457 3201 the
470 3159 539 3200 most

56 3216 152 3269 familiar
175 3220 227 3269 and
258 3220 415 3268 unreserved
442 3219 469 3277 in
495 3219 539 3267 the

56 3287 274 3351 correspondence,
299 3286 371 3334 there
394 3287 416 3334 is
439 3301 455 3334 a
483 3301 538 3348 pro·

56 3353 162 3403 nounced
184 3353 325 3416 colloquial
348 3361 418 3410 tone,
437 3369 480 3415 ag.
503 3353 540 3399 sic

57 3427 288 3478 agam,transactum
300 3427 336 3467 est
343 3420 388 3483 (3),
395 3421 484 3481 oppido
492 3418 538 3481 (4),

57 3485 98 3532 and
105 3495 164 3535 esset
170 3489 269 3536 licitum
279 3486 324 3550 (5).
331 3514 364 3521 —
372 3486 538 3534 Brundisio:

57 3549 149 3602 cttntr.
163 3554 203 3604 62.

84 3618 139 3668 XII.
158 3619 354 3675 Thessalonica,
373 3619 432 3683 July
453 3633 489 3680 17,
509 3618 537 3682 58

58 3692 97 3730 ΒΕ.
112 3687 204 3737 Cicero
214 3684 306 3749 stayed
315 3693 342 3734 at
351 3684 538 3734 Thessalonica

57 3745 111 3801 non
127 3755 189 3824 May
206 3760 236 3802 to
255 3751 414 3810 November,
431 3751 460 3817 58
479 3763 537 3808 ae,

592 2486 675 2536 under
687 2487 731 2535 the
743 2487 889 2549 protection
901 2488 930 2535 of
942 2488 987 2536 the
999 2504 1089 2553 quaes-

592 2562 633 2602 tor
647 2554 775 2602 Plancius.
1147 2566 1151 2570 '

627 2635 647 2667 1.
674 2620 785 2668 sedulo:
806 2620 932 2686 probably
951 2621 1020 2669 from
1045 2622 1089 2671 the

591 2687 800 2735 conversational
824 2684 987 2753 vocabulary,
1009 2688 1029 2736 it
1051 2705 1089 2738 we
1118 2725 1121 2730 -

591 2752 1089 2884 ahildthftttlalttltrll:

591 2886 759 2950 infrequency
771 2888 824 2947 (eg.
835 2887 889 2934 Cic.
902 2889 932 2934 de
943 2889 1002 2934 Fin.
1013 2903 1035 2952 3.
1048 2888 1088 2947 163

592 2953 664 3017 Livy,
676 2967 713 3016 34.
727 2967 763 3012 14.
775 2951 800 3015 3)
810 2953 956 3002 elsewhere.
977 2955 1019 3002 Cf.
1030 2956 1088 3003 Ter.

591 3020 641 3066 Ad.
662 3032 716 3083 251,
734 3033 794 3082 4133
819 3021 890 3066 Eun.
910 3020 970 3084 3623
994 3023 1087 3070 Heaut.

594 3084 656 3145 126;
676 3086 729 3134 Cic.
748 3088 801 3133 Att.
820 3100 843 3148 9.
865 3100 901 3150 15.
920 3086 953 3147 6;
974 3089 1047 3135 Fam.
1067 3100 1087 3152 5.

594 3165 623 3200 10
636 3164 661 3198 Α.
676 3165 697 3198 a.
735 3153 759 3199 It
771 3152 793 3199 is
805 3152 889 3200 found
901 3153 1014 3202 oftenest
1027 3155 1087 3203 with

592 3218 672 3281 facio.
684 3246 714 3253 —
730 3228 817 3281 eaput
837 3254 843 3267 .
863 3255 869 3266 .
889 3255 896 3267 .
918 3221 1031 3269 scribis:
1055 3221 1088 3269 cf.

591 3286 644 3332 Att.
658 3300 680 3348 3.
703 3298 739 3348 15.
758 3285 774 3333 6
791 3293 819 3332 at
841 3293 893 3333 tute
914 3289 1040 3348 scripsisti
1055 3289 1092 3335 ad

590 3367 630 3398 mc
649 3353 774 3414 quoddam
794 3359 870 3412 caput
886 3354 947 3414 legis
971 3354 1086 3401 Clodium

590 3419 618 3465 in
631 3421 718 3466 curiae
724 3424 794 3479 porte
802 3419 896 3480 fixisse
908 3431 947 3465 NE
966 3431 1087 3467 REFERM

591 3497 668 3532 nava
681 3496 741 3532 nrcr
759 3496 878 3532 arcanea
891 3486 908 3549 (ι
920 3485 975 3533 that
988 3502 1022 3533 no
1036 3502 1088 3533 mo-

590 3552 645 3598 tion
668 3549 762 3599 should
784 3550 817 3598 be
840 3551 953 3612 brought
976 3552 1088 3600 forward

591 3617 642 3665 and
672 3633 706 3664 no
735 3617 830 3679 speech
861 3617 937 3665 made
946 3618 1086 3680 ').—hic:

591 3684 642 3732 this
666 3683 737 3732 word
760 3698 820 3748 may
843 3700 948 3747 express
974 3687 1087 3750 surprise

590 3751 652 3800 here
666 3765 695 3799 as
713 3749 851 3800 elsewhere
868 3750 894 3798 in
907 3750 952 3801 the
971 3753 1087 3804 Letters:
