2575 4200
213 234 261 283 234
558 234 725 283 CICERO’S
751 234 923 281 LETTERS.
1029 231 1087 296 [Ep.
1103 231 1235 279 LXXVlll

213 412 346 485 tempus
363 422 383 465 a
401 402 434 467 P.
455 402 569 483 Magio
596 400 715 465 Cilone
732 400 896 463 familiare
920 400 995 463 eius
1019 400 1167 482 pugione
1189 419 1238 480 per·

213 530 348 574 cussum
366 530 441 573 esse
458 520 491 573 et
509 510 575 573 duo
591 509 732 573 vulnera
750 509 930 592 accepisse,
950 529 1053 571 unum
1077 508 1113 570 in
1140 517 1240 569 stoma-

213 618 285 691 ch0‚
300 617 442 682 alterum
461 618 494 681 in
512 618 621 700 capite
639 618 824 681 secundum
841 637 972 693 aurem;
995 636 1130 699 sperare
1149 624 1241 677 tamen

213 747 288 789 eurn
301 726 413 789 vivere
426 746 525 809 posse
533 746 540 803 ;
559 726 709 807 Magium
723 746 759 789 se
773 725 883 807 ipsum
897 724 1108 788 interfecisse
1126 732 1243 805 postca

213 855 248 899 se
265 856 284 897 a
302 833 461 899 Marcello
478 835 519 897 ad
537 854 591 897 me
608 834 748 897 missum
765 854 840 897 esse
857 833 914 915 qui
935 833 1019 897 haec
1037 832 1205 895 nuntiaret
1219 842 1243 891 et

212 953 343 1025 rogaret
361 942 411 1006 uti
428 942 576 1005 medicos
593 943 624 1005 ei
641 942 819 1005 mitterem.
861 942 980 1023 ltaque
998 941 1147 1004 medicos
1165 938 1244 1019 coegi

211 1062 245 1114 et
263 1072 281 1115 e
297 1050 439 1133 vestigio
457 1071 496 1113 eo
517 1072 591 1114 surn
616 1050 789 1133 profectus
814 1050 921 1132 prima
943 1049 1027 1113 luce.
1077 1048 1165 1112 Cum
1191 1067 1244 1108 non

211 1158 310 1241 longe
327 1179 347 1222 a
364 1159 479 1221 Piraeo
495 1159 658 1233 abessem,
673 1178 757 1241 puer
769 1157 904 1221 Acidini
921 1158 1052 1220 obviam
1070 1156 1154 1219 mihi
1166 1154 1245 1217 venit

211 1288 286 1331 curn
300 1266 463 1331 codicillis
481 1266 651 1348 inquibus
665 1275 735 1329 erat
753 1266 925 1348 scriptum,
937 1265 1036 1348 paulo
1052 1275 1131 1327 ante
1148 1263 1244 1325 lucen

212 1375 408 1438 Marcellum
433 1375 521 1439 diem
547 1395 644 1437 suum
670 1374 792 1437 obisse.
844 1374 895 1436 Ita
912 1373 962 1435 vir
986 1368 1190 1437 clarissimus
1212 1370 1243 1431 ab

210 1483 345 1547 homine
370 1483 550 1545 deterrimo
575 1482 790 1545 acerbissima
815 1491 923 1544 morte
948 1491 1001 1543 est
1026 1481 1188 1553 adfectus,
1209 1487 1243 1549 et,

211 1591 264 1655 cui
292 1591 418 1655 inimici
450 1600 587 1673 propter
611 1590 811 1672 dignitatern
844 1597 1073 1672 pepercerant,
1097 1589 1243 1651 inventus

177 1710 261 1769 sest
289 1700 415 1763 amicus
448 1698 504 1781 qui
532 1699 563 1761 ei
591 1707 734 1761 mortem
763 1698 911 1762 offerret.
968 1698 1042 1779 Ego
1070 1707 1184 1758 tamen
1210 1692 1243 1754 ad

210 1807 461 1871 tabernaculum
491 1806 564 1870 eius
592 1805 732 1889 perrexi.
796 1805 914 1868 Inveni
942 1805 1027 1868 duos
1055 1804 1191 1867 libertos
1216 1809 1242 1861 et

210 1915 368 1999 pauculos
386 1935 520 1991 servos;
545 1915 690 1997 reliquos
710 1914 843 1977 aiebant
867 1912 1059 1995 profugisse
1075 1922 1166 1974 metu
1183 1928 1244 1991 per-

210 2024 345 2087 territos
368 2024 456 2107 quod
478 2023 633 2086 dominus
655 2042 769 2085 eorum
790 2030 870 2084 ante
885 2020 1137 2084 tabernaculum
1155 2019 1242 2081 inter·

759 2198 848 2261 gium.
860 2211 920 2246 -e
947 2197 1083 2260 vestigio,
1105 2183 1240 2262 fortharii·

244 2215 266 2248 2.
292 2201 324 2248 P.
346 2199 447 2264 Magio
469 2199 585 2248 Cilone:
606 2198 703 2246 certain

758 2278 849 2313 -eo:
872 2265 910 2311 ie.
930 2270 958 2310 to
978 2262 1023 2311 the
1043 2263 1242 2311 Piraeus-co·

209 2282 318 2329 persons
338 2273 366 2314 at
386 2267 470 2314 Rome
488 2265 628 2328 suspected
647 2265 704 2312 that

210 2334 308 2382 Caesar
319 2332 371 2381 had
383 2331 522 2394 instigated
541 2332 586 2380 the
601 2330 705 2379 murder

209 2399 238 2447 of
250 2399 388 2447 Marcellus
399 2417 405 2458 3
417 2399 464 2447 but
476 2398 509 2447 cf.
519 2399 572 2446 Aa.
585 2411 621 2462 13.
638 2411 675 2445 10.
689 2411 704 2460 3

209 2468 281 2514 hodie
299 2467 459 2527 Spintherem
478 2472 609 2526 exspecto,·
632 2466 707 2510 misit

209 2536 275 2580 enim
293 2533 394 2580 Brutus
411 2533 448 2579 ad
465 2547 522 2588 me‚·
541 2539 591 2592 per
608 2532 705 2578 litteras

209 2606 302 2662 purgat
315 2601 446 2647 Caesarem
465 2599 496 2645 a'e
512 2600 618 2645 interitu
632 2598 705 2644 Mar-

210 2667 272 2721 celli,
283 2667 312 2712 in
321 2681 401 2728 quem,
413 2681 443 2712 ne
454 2666 479 2711 si
487 2665 588 2712 insidiis
602 2665 702 2726 quidem

209 2733 251 2780 ille
270 2733 416 2795 interfectus
438 2737 504 2788 esset,
526 2733 625 2778 caderet
646 2730 703 2778 ulla

210 2800 325 2860 suspicio,
338 2814 406 2845 niinc
422 2813 487 2853 vera,
501 2814 556 2844 cum
571 2798 601 2844 de
616 2797 704 2857 Magia

209 2872 306 2921 constet,
327 2881 411 2911 nonne
426 2865 509 2927 furor
527 2867 580 2910 eius
600 2879 702 2910 causam

209 2947 307 2980 omnem
330 2931 473 2979 sustinet?.
493 2966 499 2977 .
519 2930 702 2992 .Quamquam

210 2999 279 3045 nihil
288 2999 362 3045 habea
374 2998 442 3059 quod
455 2999 571 3053 dubitem,
586 2998 638 3044 nisi
654 2998 706 3058 ipsi

210 3065 297 3126 Magio
308 3079 376 3128 quae¹
381 3065 468 3127 fuerit
477 3080 553 3112 causa
571 3066 702 3120 aasentias,

205 3139 256 3193 pra
267 3147 316 3194 quo
327 3131 425 3194 quia'em
439 3133 513 3178 etiam
534 3138 638 3192 sponsor
647 3131 704 3194 sac-

209 3205 250 3245 tus
268 3205 329 3245 erat.
365 3199 502 3246 Nimirum
521 3199 552 3244 id
557 3199 635 3261 suit;
658 3196 704 3243 sal·

208 3266 288 3312 venda
305 3267 372 3311 enim
393 3281 444 3310 non
464 3272 533 3312 erat:
557 3265 629 3312 credo
645 3279 702 3311 eum

205 3333 306 3392 petiisse
314 3348 329 3378 a
339 3331 462 3378 Marcello
471 3331 578 3394 aliqui'd,
587 3337 611 3378 et
619 3331 703 3385 iilum,

209 3405 239 3445 ut
250 3404 312 3454 erat,
328 3399 482 3445 constantius
501 3398 662 3458 respondisse.
672 3424 704 3429 —-

209 3465 369 3512 secundum
379 3477 488 3522 aurem,
499 3464 604 3524 directly
613 3463 707 3509 behind

209 3533 249 3578 me
266 3547 317 3578 ear.
353 3530 418 3577 This
437 3530 558 3590 meaning
576 3529 604 3576 of
621 3545 704 3576 secun-

208 3599 268 3644 dum
279 3597 301 3644 is
313 3596 439 3652 Plautine‚
450 3595 501 3642 and
511 3596 532 3642 is
541 3594 624 3642 found
633 3597 659 3642 in
669 3609 704 3641 no

209 3663 283 3710 other
291 3663 375 3711 writer
384 3662 413 3710 of
425 3662 469 3709 the
479 3661 595 3709 classica]
605 3661 704 3722 period.

208 3753 241 3762 -
250 3729 361 3790 ipsum:
381 3737 409 3776 to
421 3727 454 3776 be
465 3727 554 3790 joined
566 3728 624 3774 with
640 3728 705 3788 Ma-

759 2331 877 2378 dicillis:
907 2345 952 2378 see
984 2330 1049 2378 Intr.
1082 2327 1240 2394 5p—diem

759 2411 846 2446 suurn
869 2397 984 2445 obisse:
1008 2395 1193 2458 euphemistic;
1214 2390 1239 2438 cf.

760 2464 807 2525 Ep.
822 2463 933 2511 LXXV.
943 2477 1009 2523 4,-
1019 2463 1143 2511 inimici:
1156 2462 1240 2510 Caesar

758 2529 780 2578 is
793 2530 906 2592 thought
918 2529 948 2577 of
963 2529 1109 2593 especially.

792 2611 815 2660 3.
834 2597 871 2645 ad
883 2596 1103 2645 tabernaculum
1116 2596 1192 2644 eius:
1205 2591 1239 2639 the

759 2663 865 2711 Piraeus
889 2662 967 2724 being
989 2663 1016 2709 in
1040 2663 1111 2710 ruins
1137 2662 1180 2724 (cf.
1201 2659 1238 2718 Ep.

758 2730 869 2777 LXXV.
880 2729 915 2791 4),
926 2729 1060 2777 travellers
1072 2744 1139 2776 were
1151 2721 1238 2786 obliged

758 2804 786 2843 to
809 2811 883 2859 camp
907 2796 933 2842 in
961 2794 1237 2858 tems—pauculos:

759 2863 864 2910 Servius
876 2862 962 2910 shows
975 2877 991 2910 a
1004 2861 1133 2910 fondness
1150 2861 1191 2908 for
1205 2858 1238 2904 the

758 2945 803 2977 use
821 2928 849 2976 of
872 2928 1047 2977 diminutives.
1092 2927 1134 2976 Cf.
1153 2926 1238 2975 mulier·

756 2998 822 3053 cula,
845 2997 1024 3058 homunculus,
1048 2994 1101 3042 and
1127 2992 1237 3042 animula.

757 3063 805 3125 Ep.
820 3063 1077 3112 LXXV.-metu:
1096 3061 1118 3109 if
1134 3059 1237 3109 acitizen

756 3145 809 3176 was
827 3128 964 3177 murdered
981 3128 1016 3194 by
1032 3145 1048 3176 a
1064 3128 1144 3185 slave,
1158 3129 1190 3176 all
1206 3123 1237 3172 the

755 3196 841 3244 slaves
858 3195 887 3242 of
904 3195 949 3243 the
966 3194 1115 3243 household
1127 3210 1192 3243 were
1206 3191 1237 3238 lia·

756 3261 797 3310 ble
815 3271 844 3322 to
862 3261 894 3310 be
911 3269 959 3324 put
977 3270 1005 3310 to
1023 3261 1121 3320 death3
1141 3262 1174 3311 cf.
1190 3261 1237 3308 Tac.

756 3330 828 3376 Ann.
844 3343 880 3388 14.
894 3341 925 3387 42
943 3329 1086 3376 Pedanium
1106 3329 1235 3377 Secundum

755 3410 843 3442 servus
850 3397 931 3457 ipsim
940 3396 1070 3458 interfecit
1076 3411 1102 3451 ‚·.
1113 3431 1119 3440 .
1130 3431 1135 3441 .
1146 3404 1235 3442 ceterum

755 3478 812 3508 cum
825 3468 906 3509 vetere
919 3478 951 3509 ex
969 3477 1039 3508 mare
1048 3463 1185 3524 familiam
1202 3473 1237 3506 am·

757 3544 822 3583 nem,
840 3543 905 3592 quae
921 3529 967 3574 sub
983 3529 1065 3575 eadem
1083 3534 1143 3575 tecta
1161 3523 1236 3575 mansi·

756 3601 863 3650 laverat,
869 3596 906 3641 ad
911 3596 1065 3655 supplicium
1075 3597 1120 3655 agi
1125 3596 1235 3654 oportent.

756 3667 804 3707 etc.
831 3662 902 3707 Even
914 3659 988 3706 when
1001 3659 1045 3706 the
1058 3659 1190 3708 murderer
1200 3670 1237 3706 was

757 3735 803 3773 not
813 3743 863 3773 one
873 3726 902 3772 of
913 3726 980 3773 their
988 3725 1106 3782 number,
1115 3725 1160 3774 the
1169 3728 1236 3775 slaves
