2575 4200
195 186 246 240 160
534 190 702 240 CICERO’S
726 191 901 240 LETTERS.
1082 194 1148 260 [Ep.
1159 195 1243 243 XLV.

194 351 287 419 nulla
302 356 400 420 sedes
416 376 482 439 quo
499 366 701 421 concurrant
719 358 776 441 qui
793 379 864 422 rern
880 358 1048 441 publicam
1065 361 1242 424 defensam

193 462 309 528 velint.
357 463 484 547 Apulia
500 464 631 530 delecta
655 475 717 541 est,
743 465 939 531 inanissima
964 489 1041 550 pars
1064 468 1188 532 Italiae
1212 476 1263 537 etl

194 571 236 634 ab
260 570 388 654 impetu
413 572 512 636 huius
537 572 617 636 belli
641 574 884 651 remotissima;
909 576 991 658 iuga
1015 585 1049 638 et
1074 577 1263 640 maritima¹

194 680 426 762 opportunitas
457 681 530 745 visa
561 682 676 764 quaeri
707 683 950 766 desperatione.
1024 685 1138 748 Invite
1170 678 1263 767 cepi

195 787 353 869 Capuam,
380 809 447 852 non
472 811 538 873 quo
563 811 686 854 munus
718 791 800 854 illud
824 792 1029 874 defugerem,
1057 794 1118 856 sed
1152 794 1242 876 pacis

194 916 303 971 causa,
321 897 355 959 in
373 918 439 980 qua
460 896 571 961 nullus
596 908 688 962 esset
713 899 885 975 ordinum,
896 899 1007 963 nullus
1025 910 1165 982 apertus
1182 903 1242 983 pri·

192 1013 346 1068 vatorum
364 1005 466 1080 dolor,
485 1007 648 1070 bonorum
666 1016 778 1071 autem
796 1017 887 1071 esset
904 1009 1033 1092 aliquis,
1048 1011 1109 1072 sed
1127 1010 1240 1084 hebes,
1262 1028 1263 1035 ¹

194 1122 230 1178 ut
254 1112 349 1178 solet.
400 1113 467 1178 Sed
492 1123 529 1177 ut
555 1114 627 1197 ipse
653 1116 745 1178 sensi
767 1137 864 1198 quam
886 1126 977 1180 esset
1002 1117 1188 1180 multitudo
1210 1127 1242 1179 et

195 1220 329 1284 infimus
357 1222 500 1305 quisque
528 1242 716 1304 propensus
735 1223 779 1285 ¹in
808 1224 946 1287 alteram
975 1234 1117 1307 partem,
1144 1222 1263 1306 quarn}

193 1329 292 1392 multi
315 1329 511 1393 mutationis
536 1351 645 1396 rerum
670 1330 791 1413 cupidi,
810 1331 879 1394 dixi
903 1332 967 1413 ipsi
990 1353 1044 1394 me
1066 1332 1150 1394 nihil
1174 1353 1242 1394 sus
1262 1322 1263 1403 J

162 1457 176 1510 s
194 1446 367 1519 cepturum
385 1437 458 1500 sine
474 1439 639 1520 praesidio
657 1448 691 1501 et
714 1439 787 1502 sine
803 1440 953 1522 pecunia.
1004 1441 1123 1523 Itaque
1140 1440 1242 1503 habui

194 1545 276 1607 nihil
301 1545 437 1607 omnino
461 1546 585 1628 negoti,
612 1548 701 1628 quod
725 1548 767 1610 ab
798 1546 895 1609 initio
918 1547 988 1609 vidi
1019 1547 1102 1608 nihil
1128 1547 1242 1629 quaeri

194 1662 328 1735 praeter
342 1653 466 1736 fugam.
518 1655 601 1717 Eam
622 1655 651 1717 si
675 1675 764 1718 nunc
789 1675 918 1737 sequor,
937 1656 1105 1736 quonam?
1155 1655 1240 1718 Cum

194 1760 251 1823 illo
268 1781 351 1837 non;
375 1763 416 1824 ad
433 1782 531 1845 quern
551 1783 626 1826 curn
644 1782 754 1826 essem
772 1763 953 1844 profectus,
972 1763 1116 1845 cognovi
1140 1764 1177 1825 in
1203 1764 1242 1825 iis
1262 1758 1263 1801 l

194 1868 277 1932 locis
310 1889 385 1932 esse
417 1869 594 1933 Caesarem
629 1879 666 1933 ut
702 1879 777 1934 tuto
818 1871 994 1934 Luceriam
1025 1871 1141 1934 venire
1174 1850 1263 1933 noni

194 1997 338 2059 possem.
405 1978 518 2040 Iniero
559 1978 642 2041 mari
682 1979 779 2042 nobis
815 1978 945 2042 incerto
985 1999 1093 2053 cursu,
1129 1978 1242 2041 hieme

196 2168 247 2201 non
259 2152 289 2200 id
296 2158 388 2209 actum,
401 2153 469 2200 beata
484 2160 507 2200 et
518 2154 621 2201 honesta
633 2154 693 2201 civi-
743 2154 811 2202 Hirr.
830 2153 877 2201 IV.
895 2167 911 2213 4
914 2165 927 2217 5
930 2167 961 2217 3:
982 2153 1028 2200 ‘In
1047 2152 1102 2200 fact
1120 2152 1241 2201 Caesar's

195 2226 235 2267 tas
247 2226 277 2266 ut
286 2226 354 2267 esset.
369 2255 374 2265 .
388 2254 412 2265 ..
442 2220 495 2267 Sed
503 2221 592 2267 neutri
602 2220 692 2269 σκοπὸς
743 2219 911 2268 antecedents
924 2235 990 2268 were
1002 2220 1129 2284 anything
1145 2218 1196 2267 but
1209 2234 1240 2267 re

195 2293 231 2334 est
241 2287 285 2334 ille
296 2292 326 2333 ut
337 2302 381 2333 nos
394 2286 458 2333 beati
468 2287 549 2333 simus
556 2302 568 2344 ;
587 2292 693 2349 uterque
743 2286 870 2348 assuring,
882 2285 934 2334 and
952 2286 1005 2334 still
1022 2286 1074 2334 less
1092 2286 1240 2347 reassuring

196 2368 303 2413 regnare
340 2352 612 2401 vult—defensam
649 2354 691 2416 (sc.
743 2368 795 2401 was
808 2352 853 2401 the
865 2360 954 2415 aspect
967 2352 996 2399 of
1013 2352 1058 2399 the
1070 2352 1173 2400 retiuue
1186 2352 1239 2399 that

195 2419 267 2481 csscl:
291 2418 323 2467 cf.
345 2419 400 2466 Cic.
421 2420 474 2467 Cat.
494 2433 516 2466 2.
536 2432 565 2479 27
585 2422 693 2467 monitos
743 2434 802 2467 now
814 2418 978 2467 surrounded
990 2418 1051 2466 him.
1077 2417 1238 2466 Individuals

146 2526 149 2531 .
195 2487 269 2533 etiam
283 2492 358 2548 atque
371 2486 446 2533 etiam
465 2486 527 2533 volo.
563 2486 621 2533 The
638 2501 692 2549 per·
743 2485 773 2533 of
794 2485 840 2533 the
864 2492 933 2533 most
956 2484 1057 2533 broken
1081 2486 1236 2547 reputation,

195 2551 248 2600 fect
266 2551 393 2599 infinitive
411 2552 522 2613 passive,
544 2552 646 2616 usually
663 2567 692 2600 as
742 2552 879 2599 notorious
890 2566 1048 2614 personages
1060 2550 1113 2599 like
1123 2552 1238 2611 Quintus

196 2619 256 2667 here
275 2618 385 2665 without
405 2633 461 2674 esse,
479 2618 546 2666 after
567 2618 642 2667 verbs
663 2618 693 2665 of
744 2617 909 2674 Hortensius,
928 2617 1011 2665 Gaius
1029 2618 1118 2673 Curio,
1134 2619 1237 2665 Marcus
1262 2615 1263 2618 ’

195 2684 305 2747 wishing
326 2684 474 2749 (especially
495 2684 562 2733 after
581 2685 647 2747 volo)
669 2684 691 2733 is
743 2684 970 2732 Antonius-the
982 2684 1061 2733 latter
1072 2684 1118 2731 the
1129 2692 1236 2746 stepson

195 2766 347 2800 commoner
374 2751 401 2798 in
430 2749 530 2808 Cicero,
553 2751 580 2798 in
603 2751 691 2799 whose
742 2750 772 2798 of
789 2750 833 2798 the
846 2750 1014 2799 Catilinarian
1032 2751 1170 2805 Lentulus,
1183 2750 1237 2797 who

195 2818 310 2880 writings
323 2818 342 2865 it
355 2832 446 2865 occurs
455 2825 482 2865 at
494 2818 560 2866 least
572 2816 603 2865 26
615 2818 691 2865 times
743 2832 794 2865 was
817 2816 943 2865 executed
971 2816 1005 2881 by
1026 2816 1071 2864 the
1094 2815 1187 2865 orders
1212 2814 1237 2862 oi

196 2884 240 2949 (cf.
259 2884 365 2940 Ziemer‚
378 2885 587 2946 sunggrammat.
603 2884 692 2947 Streif·
743 2884 949 2931 Cicero—were
957 2883 1001 2931 the
1011 2891 1080 2931 most
1089 2883 1236 2944 prominent

194 2956 262 3013 erige,
274 2966 316 3013 pp.
330 2950 363 3011 76
374 2949 421 3011 ft),
435 2950 498 2998 than
513 2950 539 2998 in
553 2965 604 3015 any
615 2950 692 2997 other
742 2956 828 2998 actors
840 2950 866 2997 in
878 2950 913 3008 it;
932 2950 977 2997 the
995 2949 1099 3011 highest
1116 2956 1194 3011 posts
1211 2947 1236 2995 oi

194 3018 296 3065 author.
343 3016 368 3065 It
394 3016 521 3066 indicates
546 3017 590 3065 the
613 3016 692 3079 impa-
741 3024 809 3064 trust
821 3031 887 3064 were
904 3015 1037 3064 bestowed
1055 3031 1089 3063 on
1107 3030 1171 3063 men
1182 3015 1236 3062 who

195 3085 278 3133 tience
296 3083 357 3131 with
375 3083 457 3131 which
477 3084 521 3132 the
542 3083 690 3131 realization
741 3082 794 3129 had
816 3084 879 3145 long
899 3081 991 3131 ceased
1012 3089 1122 3131 evento
1141 3082 1236 3130 reckon

194 3151 223 3199 of
243 3166 260 3198 a
276 3150 339 3198 wish
357 3150 379 3198 is
400 3150 558 3198 awaited.—
572 3149 689 3213 Apulia:
742 3163 778 3211 up
796 3149 863 3197 their
879 3148 972 3197 debts’
1007 3148 1048 3197 cf.
1067 3148 1123 3197 also
1143 3150 1198 3195 Att.
1215 3161 1236 3209 9.
1262 3203 1263 3220 χ

195 3217 332 3282 Pompey's
361 3216 549 3280 headquarters
573 3232 638 3264 were
664 3224 690 3264 at
744 3229 781 3279 19
797 3216 941 3278 1.—ipsi:
959 3218 996 3263 ie.
1010 3216 1135 3275 Pompeio.
1262 3223 1263 3278 l

195 3284 314 3343 Luceria;
330 3282 363 3331 ci.
382 3284 430 3345 Ep.
445 3283 541 3331 XLIV.
555 3282 606 3331 and
626 3284 689 3331 Intr.
777 3295 798 3347 5.
818 3282 890 3331 nihil
908 3317 915 3329 .
936 3317 942 3329 .
962 3316 969 3329 .
987 3282 1106 3344 fugam:
1129 3280 1166 3327 cf.
1188 3282 1235 3327 Ati.
1262 3281 1263 3340 i

195 3350 360 3413 29.—cepi‚
386 3350 474 3408 sensi,
500 3350 567 3408 dixi,
590 3350 689 3408 habui,
742 3363 765 3410 7.
779 3362 817 3413 ²3·
832 3350 928 3412 3quod
941 3350 1043 3411 quaeris
1055 3348 1096 3394 hic
1107 3349 1178 3409 quid
1186 3363 1236 3410 agn-

193 3416 245 3465 and
262 3417 321 3464 vidi
345 3432 388 3465 are
411 3416 554 3479 preterites.
597 3417 689 3465 Cicero
740 3423 791 3473 tur,
809 3423 859 3463 tota
885 3417 973 3477 Capua
995 3421 1020 3462 et
1038 3415 1118 3461 omnis
1138 3415 1184 3461 hic
1205 3414 1235 3460 di·

193 3483 245 3532 had
261 3482 366 3547 already
380 3482 499 3545 resigned
516 3483 557 3531 his
573 3482 689 3545 position
740 3484 817 3530 lectus
839 3484 908 3540 iacet,
929 3482 1058 3543 desperata
1082 3496 1122 3526 res
1146 3488 1192 3535 est,
1211 3481 1234 3525 in
1262 3521 1263 3526 ,

193 3557 220 3598 at
238 3550 337 3613 Capua.
373 3550 413 3597 Cf.
432 3550 494 3597 intr.
510 3549 688 3612 29.-dolor,
733 3550 802 3611 fuga
826 3565 911 3598 omncs
933 3555 1155 3596 suna-essem
1177 3560 1235 3609 pro·
1262 3549 1263 3556 ’

192 3618 334 3679 sympathy.
347 3644 380 3652 -
393 3617 546 3665 multitudo
573 3618 602 3664 et
626 3617 689 3663 inii·
741 3615 853 3664 fectus:
881 3631 925 3664 see
948 3612 1041 3662 introd.
1065 3619 1136 3660 note.
1151 3611 1234 3660 —hi-

194 3696 259 3731 mus
268 3684 401 3745 quisque:
411 3682 443 3731 cf.
454 3684 609 3739 Mommsen,
615 3685 688 3729 Rom.
741 3696 806 3731 eme
825 3682 960 3740 maxima,
974 3683 1003 3728 in
1017 3680 1192 3737 mid-winter,·
1208 3677 1233 3726 ci.
