2575 4200
1037 210 1099 275 [ap.
1114 211 1243 258 xxxiv.

195 207 243 257 126
533 209 702 259 CICERO’S
727 210 900 259 LETTERS.

193 384 294 459 atque
314 376 442 440 nuntiis
465 398 603 460 magnas
630 378 826 441 Parthorum
847 378 960 460 copias
977 388 1010 440 et
1028 378 1189 441 Arabum
1208 379 1243 439 ad

194 485 352 566 oppidum
385 486 609 550 Antiocheam
646 485 830 550 accessisse
865 506 1093 569 magnumque
1131 506 1243 548 eorum
1279 550 1280 561 ,

194 592 392 675 equitatum,
411 594 468 676 qui
490 594 524 656 in
546 594 697 658 Ciliciam
720 594 907 669 transisset,
926 572 968 657 ab
985 594 1140 676 equitum
1162 614 1243 654 meo
1279 568 1280 583 ἵ

194 722 268 764 rum
281 702 400 765 turmis
414 712 447 765 et
461 724 480 766 a
493 703 631 766 cohorte
644 702 819 784 praetoria,
835 723 920 784 quae
934 712 1004 765 erat
1023 702 1243 783 Epiphaneae

194 811 338 892 praesidi
352 831 461 886 causa,
477 811 650 875 occidione
667 810 825 875 occisum.
868 811 990 893 Quare,
1006 831 1082 873 cum
1095 809 1242 873 viderem

195 939 213 980 a
239 918 449 1000 Cappadocia
474 920 670 982 Parthorum
703 919 816 1000 copias
844 938 977 980 aversas
1007 937 1075 980 non
1099 918 1205 999 longe
1227 938 1244 980 a
1280 942 1281 985 l

197 1023 319 1086 finibus
347 1043 422 1085 esse
452 1022 598 1098 Ciliciae,
627 1044 726 1104 quam
755 1024 851 1105 potui
883 1024 1035 1087 maximis
1066 1024 1242 1085 itineribus

197 1132 237 1193 ad
267 1130 437 1193 Amanum
467 1131 648 1193 exercitum
678 1132 767 1195 duxi.
822 1132 899 1214 Quo
928 1141 963 1193 ut
993 1133 1079 1206 veni,
1108 1132 1241 1194 hostem
1280 1150 1281 1175 ¹

197 1240 238 1302 ab
275 1239 466 1302 Antiochea
503 1239 693 1313 recessisse,
729 1240 883 1301 Bibulum
922 1239 1134 1302 Antiocheae
1169 1261 1243 1302 esse

198 1347 349 1429 cognovi.
400 1347 595 1409 Deiotarum
620 1347 797 1409 confestim
823 1348 886 1410 iam
909 1348 949 1410 ad
973 1368 1026 1410 me
1049 1350 1240 1411 venientem

198 1477 272 1519 cum
291 1476 412 1537 magno
430 1464 462 1516 et
481 1455 576 1517 firmo
594 1455 745 1536 equitatu
763 1464 796 1516 et
814 1455 964 1536 peditatu
989 1465 1022 1517 et
1045 1477 1121 1519 cum
1140 1458 1242 1518 omni·
1281 1434 1282 1513 l

197 1552 260 1626 bus
273 1562 342 1626 suis
357 1562 461 1644 copiis
475 1561 651 1624 certiorem
665 1561 732 1624 feci
749 1582 816 1624 non
828 1562 933 1624 videri
946 1582 1021 1625 esse
1034 1584 1169 1626 causam
1185 1585 1241 1626 cur

199 1669 332 1731 abesset
349 1688 369 1730 a
385 1687 499 1749 regnu,
519 1686 639 1748 meque
656 1667 697 1728 ad
715 1687 800 1740 eum,
820 1667 849 1728 si
865 1663 944 1748 quid
962 1666 1040 1728 novi
1056 1665 1145 1728 forte
1160 1666 1244 1728 acci·

165 1787 180 1836 8
199 1775 313 1850 disset,
330 1775 444 1837 statim
457 1775 586 1837 litteras
601 1774 807 1856 nuntiosque
824 1774 1004 1836 missurum
1019 1793 1102 1836 esse.
1146 1772 1244 1835 Cum·

199 1904 264 1966 que
293 1903 331 1946 eo
359 1883 471 1945 animo
499 1883 667 1945 venissem
694 1892 730 1944 ut
756 1882 889 1964 utrique
917 1881 1117 1963 provinciae,
1144 1881 1174 1943 si
1200 1881 1243 1943 ita

199 2001 333 2073 tempus
349 1992 462 2067 ferret,
481 1991 704 2066 subvenirem,
720 1999 792 2052 tum
809 1991 841 2052 id
858 1991 946 2072 quod
964 1990 1028 2052 iarn
1046 1999 1125 2052 ante
1141 1999 1244 2051 statu-

200 2122 290 2164 eram
303 2102 520 2163 vehementer
537 2100 701 2164 interesse
719 2100 892 2183 utriusque
904 2096 1110 2182 provinciae,
1125 2119 1243 2181 pacare

233 2317 255 2364 7.
266 2303 413 2352 occidione
423 2303 565 2352 occisum:
577 2302 696 2365 thefigu-
746 2303 849 2365 perusal
865 2302 894 2350 of
911 2302 956 2350 the
973 2303 1056 2358 letter,
1069 2300 1171 2357 indeed,
1185 2300 1243 2347 faits
1283 2281 1284 2284 Ἴ

199 2387 229 2419 να
252 2373 419 2433 etymologica,
443 2372 480 2417 ia.
505 2370 549 2417 the
575 2369 696 2432 bringing
747 2377 775 2417 to
796 2370 880 2417 reveal
901 2369 947 2418 the
969 2369 1023 2417 fact
1047 2368 1103 2416 that
1123 2383 1176 2431 any
1193 2382 1242 2414 one

200 2438 319 2500 together
340 2437 369 2484 of
388 2446 439 2484 two
458 2435 542 2484 words
563 2435 632 2483 from
651 2436 695 2483 the

199 2520 270 2552 same
283 2511 357 2560 stem,
372 2503 452 2550 which
466 2518 509 2550 are
527 2502 623 2565 closely
635 2516 695 2549 con-

132 2593 134 2597 ·
199 2568 293 2618 nected
321 2570 439 2633 logically
468 2568 520 2617 and
548 2568 695 2631 grammati-

199 2638 271 2701 cally‚
284 2651 336 2684 was
348 2651 364 2683 a
375 2635 486 2683 favorite
499 2635 587 2683 device
601 2636 627 2683 in
646 2635 696 2683 col-

125 2711 129 2717 '
199 2703 296 2765 loquial
310 2702 394 2749 Latin.
425 2702 465 2749 Cf.
475 2718 519 2765 ag.
529 2702 597 2749 from
611 2703 694 2750 Plaut.

200 2770 289 2817 Pseud.
299 2784 307 2817 .·
325 2771 416 2816 misere
427 2771 512 2824 miser,
528 2783 568 2832 13;
586 2770 647 2816 ludo
658 2769 695 2815 lu·

199 2838 263 2893 dera,
274 2850 315 2895 243
333 2837 428 2884 cursim
441 2851 551 2893 currere,
565 2849 579 2898 3
583 2834 612 2899 58
617 2853 623 2893 ;
641 2851 696 2882 con-

199 2904 317 2950 dimentis
334 2904 443 2959 condire,
457 2901 513 2950 820.
549 2902 606 2949 The
623 2916 695 2949 same

199 2969 280 3031 figure
297 2970 318 3017 is
337 2983 459 3016 common
477 2969 503 3015 in
522 2967 566 3015 the
584 2969 695 3024 Letters,

198 3051 243 3095 eg.
252 3037 342 3083 salacia
353 3036 521 3091 consolamur,
533 3037 555 3081 A
559 3042 586 3082 tt.
599 3049 622 3093 4.
635 3033 658 3082 6.
672 3048 695 3091 13

198 3103 280 3165 facile
288 3102 380 3164 facies,
398 3103 471 3148 Fam.
484 3115 506 3164 3.
521 3115 543 3163 9.
565 3114 587 3160 1;
608 3102 698 3148 amavi

199 3184 309 3217 amarem
319 3168 454 3229 tuum,Ep.
465 3168 536 3215 LXI.
548 3180 571 3226 ις
585 3174 694 3214 utsuum

195 3237 320 3297 gaudium
333 3235 510 3297 gauderemus,
525 3234 604 3289 Cael,
622 3235 694 3280 Fam.

198 3302 221 3349 8.
238 3316 295 3349 2.1.
333 3302 381 3349 See
399 3301 455 3349 also
473 3302 556 3361 copias
573 3300 696 3347 acczdione

198 3370 320 3425 occiderit,
339 3368 409 3415 Phil.
427 3382 463 3426 14.
480 3366 625 3431 36.-quo
644 3400 694 3413 ...

199 3435 374 3484 recessisse:
399 3433 443 3481 the
468 3434 552 3481 writer
578 3432 696 3497 skilfully

199 3516 311 3565 conveys
332 3500 376 3549 the
399 3500 552 3563 impression
574 3500 629 3547 that
650 3499 694 3547 the

199 3575 294 3616 retreat
312 3567 340 3615 of
359 3566 404 3614 the
424 3566 560 3614 Parthians
578 3582 630 3615 was
650 3566 695 3614 the

199 3636 279 3682 result
291 3633 320 3681 of
331 3632 371 3681 his
385 3647 442 3680 own
456 3633 549 3680 aetion.
585 3632 627 3681 cf.
637 3634 693 3681 also

199 3699 244 3747 the
262 3700 318 3747 first
335 3706 393 3762 part
412 3698 441 3745 of
458 3698 509 3746 this
526 3699 632 3747 section.
670 3700 693 3747 A

746 2436 799 2483 else
809 2436 871 2483 than
882 2436 974 2484 Cicero
984 2451 1036 2483 was
1045 2435 1133 2496 acting
1141 2434 1242 2495 against

747 2501 790 2550 the
804 2502 947 2550 Parthians.
973 2503 1003 2549 ln
1013 2502 1106 2565 reality,
1112 2501 1156 2549 the
1166 2516 1242 2549 scene

746 2568 776 2616 oi
798 2569 843 2615 the
865 2568 980 2631 struggle
999 2569 1041 2633 lay
1058 2567 1167 2631 entirely
1188 2575 1242 2615 out·

746 2634 802 2683 side
826 2635 854 2682 of
878 2635 992 2683 Cicero‘s
1012 2635 1143 2697 province.
1186 2634 1242 2680 The

748 2701 892 2759 Parthians,
905 2700 1078 2750 emboldened
1094 2700 1128 2766 by
1140 2700 1187 2748 the
1204 2700 1243 2747 de-

746 2768 800 2816 feat
812 2768 841 2815 of
853 2768 973 2824 Crassus,
986 2767 1070 2830 began
1085 2767 1139 2831 just
1152 2766 1243 2815 before

747 2834 799 2883 this
814 2836 876 2883 time
890 2842 918 2882 to
935 2834 1052 2882 threaten
1071 2834 1150 2898 Syria
1188 2834 1243 2880 The

746 2908 918 2965 proquaestor
943 2901 973 2949 C.
998 2901 1105 2949 Cassius
1128 2898 1243 2947 checked

747 2968 814 3016 their
832 2967 948 3017 advance
966 2982 1037 3029 upon
1058 2966 1184 3022 Antioch,
1204 2965 1243 3013 de

746 3034 834 3082 feated
856 3034 926 3082 them
944 3034 969 3081 in
991 3048 1007 3081 a
1027 3032 1134 3096 pitched
1153 3032 1243 3087 battle,

747 3099 798 3148 and
809 3100 899 3148 forced
917 3100 987 3148 them
1005 3107 1034 3147 to
1050 3107 1145 3147 retreat
1157 3099 1184 3147 in
1197 3099 1244 3146 dis

747 3166 831 3215 order.
876 3168 906 3215 In
924 3182 940 3215 a
956 3166 1055 3215 similar
1073 3166 1131 3214 vein
1150 3165 1242 3213 Cicero

747 3234 833 3282 writes
842 3241 870 3281 to
881 3234 995 3282 Atticus:
1007 3249 1112 3281 rumare
1120 3234 1243 3281 adventus

748 3302 830 3348 nostri
838 3307 863 3347 et
876 3302 967 3355 Cassio,
977 3301 1026 3363 qui
1035 3300 1174 3347 Antiochia
1183 3306 1243 3345 tene-

747 3368 829 3423 batur,
850 3368 954 3415 animus
975 3368 1077 3415 accessit
1092 3373 1117 3413 et
1138 3366 1242 3413 Parthis

747 3434 825 3480 timor
833 3435 939 3481 iniectus
949 3439 991 3481 est.
1018 3434 1110 3495 Itaque
1116 3449 1155 3480 eos
1164 3433 1242 3480 ceden-

746 3505 781 3545 tes
791 3500 823 3546 ab
833 3502 922 3561 oppida
936 3500 1039 3548 Cassius
1050 3500 1181 3547 insecutus
1193 3514 1240 3546 rem

747 3566 805 3613 bene
817 3568 901 3627 gessit,
920 3568 973 3614 An.
994 3577 1014 3628 5.
1029 3578 1067 3613 20.
1081 3565 1240 3628 3.-Bibu·

746 3632 817 3681 lum:
831 3631 945 3688 Bibulus,
954 3630 1073 3679 whohad
1080 3630 1147 3680 been
1155 3629 1239 3679 consul

745 3699 772 3745 in
787 3711 816 3764 59
829 3711 887 3756 uc,
898 3713 949 3746 was
961 3697 1102 3761 proconsul
1112 3696 1141 3745 of
1155 3697 1230 3760 Syria
