2575 4200
18 256 201 322 Fam.12.5.]
363 255 531 305 crcsro’s
556 257 730 305 Lamnus.
1023 256 1071 308 275

17 426 148 507 agendi
172 425 377 506 providendi.
429 425 505 487 Hoc
530 425 675 506 denique
698 425 809 487 animo
835 445 908 487 sum
927 435 974 498 ut,
993 425 1021 487 si
1038 425 1072 487 in

18 535 89 596 hac
113 554 193 597 cura
215 543 316 616 atque
340 533 629 596 administratione
645 533 715 595 vita
739 533 820 595 mihi
844 533 1000 615 ponenda
1017 532 1070 607 sit,

19 642 196 723 praeclare
219 651 333 706 actum
357 661 490 705 mecum
514 650 639 723 putem.
692 642 804 704 Etiam
836 651 938 723 atque
971 641 1071 704 etiam

18 751 110 815 vale.

298 921 303 932 ’
349 925 456 990 XCV.
508 925 612 1008 (Fam.
636 942 685 989 12.
709 925 749 1007 5.)

384 1099 524 1149 CICERO
543 1099 676 1148 CASSIO
696 1099 722 1148 S.

76 1235 233 1297 Hiemem
259 1235 358 1298 credo
383 1235 491 1298 adhuc
514 1233 726 1316 prohibuisse
751 1255 817 1316 quo
841 1234 952 1297 minus
977 1235 1073 1297 dete
1093 1267 1102 1301 1

22 1353 156 1405 certum
182 1344 382 1406 haberemus
404 1343 485 1425 quid
504 1363 621 1424 ageres
647 1343 856 1425 maximeque
881 1343 938 1406 ubi
963 1363 1072 1419 esses;

23 1452 251 1532 loquebantur
278 1471 395 1513 omnes
425 1452 714 1526 tamen—credo
742 1453 830 1533 quod
858 1452 1073 1514 volebant—

23 1559 60 1621 in
85 1559 181 1643 Syria
201 1569 235 1622 te
254 1579 339 1634 esse,
358 1560 482 1622 habere
505 1560 626 1641 copias.
679 1561 717 1622 ld
742 1569 854 1622 autem
878 1580 917 1622 eo
940 1560 1072 1623 facilius

25 1669 235 1742 credebatur,
265 1668 343 1750 quia
371 1667 481 1730 simile
510 1667 579 1730 veri
606 1668 791 1731 videbatur.
852 1669 975 1730 Brutus
1004 1669 1073 1750 qui-

26 1777 103 1837 dem
120 1785 236 1839 noster
252 1775 421 1858 egregiam
438 1776 569 1838 laudem
587 1785 638 1838 est
657 1787 876 1852 consecutus;
913 1797 965 1839 res
983 1777 1072 1838 enim

26 1893 139 1947 tantas
171 1884 277 1966 gessit
310 1894 446 1968 tamque
477 1884 666 1965 inopinatas
698 1894 735 1946 ut
769 1905 827 1946 eae
852 1905 928 1947 cum
953 1904 1072 1965 perse

26 2003 142 2072 gratae
175 2003 300 2068 essent,
334 2002 406 2056 tum
446 1993 632 2055 ornatiores
675 2003 810 2074 propter
855 1992 1070 2056 celeritatem.

28 2100 129 2183 Quod
154 2102 183 2165 si
207 2112 245 2165 tu
270 2111 430 2164 catenes
455 2122 540 2183 quae
564 2112 731 2183 putamus,
758 2102 888 2183 magnis
915 2100 1072 2164 subsidiis

27 2209 112 2272 fulta
131 2230 185 2273 res
208 2231 239 2292 p.
263 2221 315 2272 est
323 2230 332 2286 3
355 2210 500 2292 aprima
521 2211 611 2272 enim
636 2230 695 2271 ora
720 2210 881 2273 Graeciae
906 2210 1072 2291 usquead

27 2316 225 2401 Aegyptum
250 2318 452 2400 optimorum
482 2318 603 2381 civium
630 2318 778 2399 imperiis
804 2318 925 2380 muniti
950 2318 1072 2380 erimus

27 2435 59 2487 et
89 2427 205 2509 copiis.
256 2426 478 2509 Quamquam,
511 2427 576 2489 nisi
606 2447 660 2488 me
688 2408 835 2501 fallebat,
871 2446 924 2489 res
956 2446 992 2515 se
1025 2426 1105 2488 sicr

26 2532 171 2597 habebat
200 2519 238 2597 u't
266 2534 371 2598 totius
400 2533 478 2597 belli
508 2546 608 2597 omne
634 2534 813 2597 discrimen
840 2534 874 2597 in
901 2535 943 2597 D.
968 2534 1073 2596 Bruto
1100 2602 1108 2624 .

60 2697 147 2745 XCV.
167 2696 260 2753 Rome,
273 2695 318 2745 the
331 2697 409 2743 latter
425 2693 482 2743 half
498 2693 528 2741 ol
573 2692 652 2741 shore
676 2691 778 2756 beyond
803 2692 848 2740 the
868 2690 1009 2754 Adriatic);
1040 2691 1073 2739 cf.

28 2762 98 2820 Feb,
113 2777 146 2827 43
159 2775 211 2811 Μ.
573 2760 690 2821 Philipp.
716 2773 753 2807 10.
781 2773 810 2807 10
836 2766 936 2807 exterae
959 2760 1073 2805 nationes

62 2845 82 2876 1.
102 2830 287 2893 prohibuisse
300 2843 358 2892 quo
368 2829 466 2877 minus
479 2863 486 2876 .
500 2863 527 2875 ..
572 2843 589 2873 a
608 2827 700 2887 prima
723 2842 769 2873 ara
796 2827 915 2873 Graeciae
938 2841 1017 2889 resque
1039 2826 1077 2873 ad

26 2897 218 2947 haberemus:
237 2896 281 2945 the
297 2896 369 2943 infin.
381 2896 403 2943 is
416 2895 461 2943 the
473 2909 527 2956 reg·
574 2894 717 2955 Aegyptum
729 2895 882 2953 optimarum
892 2893 1074 2954 etfortissima

27 2964 80 3011 ular
110 2963 228 3012 classical
258 2962 437 3011 construction
467 2961 528 3009 with
574 2975 632 3006 rum
649 2960 744 3007 civium
765 2960 881 3019 imperiis
898 2965 922 3005 et
932 2959 1074 3019 praesidiis

24 3031 157 3090 prohibere
176 3029 220 3092 (cf.
248 3045 301 3077 rem
319 3030 379 3091 geri
395 3029 529 3089 prohibue-
573 3033 699 3073 tenentur.
744 3025 786 3072 Cf.
810 3025 866 3071 also
891 3025 949 3071 idid.
977 3037 1014 3071 ιο.
1044 3037 1072 3082 14

27 3104 73 3153 rat,
88 3096 125 3159 2),
138 3096 186 3144 but
199 3113 230 3145 ne
242 3095 294 3144 and
305 3111 355 3159 quo
366 3097 454 3142 minus
466 3094 527 3142 with
571 3100 638 3141 tenet
644 3094 724 3154 egitur
732 3092 877 3152 respublica
885 3091 1071 3145 Macedoniam,

27 3162 68 3211 the
86 3162 158 3226 subj.
176 3163 327 3211 sometimes
344 3162 441 3219 follow,
457 3176 529 3224 espe-
571 3166 638 3207 tenet
656 3160 800 3220 Illyricum,
821 3164 906 3205 tuetur
931 3158 1071 3205 Graeciam.

27 3229 98 3294 cially
122 3229 199 3277 when
223 3230 359 3290 prohibere
381 3229 403 3276 is
426 3228 452 3275 in
483 3227 528 3275 the
573 3227 653 3273 Fora
670 3225 763 3273 sketch
782 3224 811 3271 of
829 3224 874 3272 the
892 3238 1025 3271 successes
1044 3222 1074 3270 of

27 3293 239 3343 infinitiva-in
271 3296 354 3356 Syria
383 3302 412 3343 te
441 3309 527 3343 esse:
572 3293 609 3340 Μ.
621 3292 725 3348 Brutus,
738 3290 772 3339 cf.
782 3292 842 3339 ibid.
857 3303 997 3352 10.13-r4.
1030 3289 1071 3337 Cf.

29 3361 134 3411 Cassius
165 3360 292 3425 probably
315 3360 426 3409 reached
454 3360 528 3424 Syria
571 3360 627 3407 also
640 3359 704 3406 Intr.
717 3371 756 3421 43.
1008 3404 1010 3409 ,

28 3436 51 3475 at
67 3429 114 3477 the
132 3429 205 3476 close
229 3428 258 3475 of
274 3428 318 3475 the
342 3442 403 3491 year
425 3440 458 3486 44
476 3438 527 3474 rae.
606 3440 628 3472 2.
647 3424 1072 3487 fallebat:epistolarytense,as

29 3494 67 3552 (cf.
80 3498 156 3544 Fam.
173 3508 210 3541 12.
229 3508 252 3554 4.
273 3494 306 3556 2),
325 3494 377 3542 and
401 3493 453 3540 had
473 3493 528 3540 ulti·
571 3507 614 3539 are
624 3492 669 3539 the
682 3498 770 3539 tenses
779 3490 808 3537 of
820 3497 890 3538 most
900 3490 928 3537 of
942 3490 985 3537 the
996 3489 1072 3539 verbs

28 3562 121 3626 mately
130 3570 158 3610 at
170 3561 237 3609 least
250 3560 321 3623 eight
333 3561 434 3623 legions
448 3567 475 3607 at
488 3560 528 3607 his
572 3560 597 3606 in
611 3558 663 3605 this
676 3558 784 3606 section.
794 3557 1003 3605 —discrimem
1017 3556 1072 3604 Cic-

28 3626 146 3691 disposal.
176 3656 211 3663 -
225 3629 335 3677 Brutus
349 3663 356 3675 .
370 3634 528 3675 ..nosterz
572 3640 616 3673 ero
641 3639 776 3687 expresses
801 3623 845 3671 the
868 3638 940 3671 same
964 3623 1071 3685 opinion

28 3694 55 3740 cl.
74 3696 140 3743 Intr.
152 3694 186 3743 88
199 3695 214 3742 b
227 3694 340 3758 (3).-a
358 3694 451 3757 prima
469 3707 528 3749 ora,
572 3691 645 3739 three
664 3690 770 3738 months
789 3692 854 3737 later
872 3690 898 3737 in
917 3704 933 3737 a
950 3689 1026 3738 letter
1045 3698 1072 3738 to

32 3762 96 3823 [rem
124 3762 168 3810 the
191 3761 279 3809 lrr'tlrer
307 3761 380 3809 share
406 3760 454 3824 (ie.
483 3759 528 3806 the
573 3759 606 3805 D.
617 3758 714 3806 Brutus
725 3756 832 3804 himself
846 3756 904 3818 (Ep.
915 3756 1016 3803 XCIX.
1027 3758 1072 3820 ηε
