2575 4200
205 251 253 301 128
545 251 714 301 CICERO’S
739 252 914 300 LETTERS.
1051 251 1113 316 [Ep.
1125 252 1253 300 XXXIV.

204 429 313 482 tratus
339 440 412 482 sum
439 419 660 501 comprimere
685 439 800 482 eorum
824 418 1007 494 audaciam,
1031 439 1097 502 quo
1122 418 1255 482 facilius

205 527 308 590 etiam
337 537 524 591 ceterorum
553 527 666 602 animi,
693 527 750 609 qui
773 526 875 590 alieni
903 537 1018 590 essent
1043 527 1085 590 ab
1115 526 1255 609 imperio

206 645 330 711 nostro,
357 636 603 718 frangerentur.
653 635 753 698 Vallo
777 644 811 697 et
835 634 927 698 fossa
951 635 1175 711 circumdedi;
1201 655 1256 697 sex

206 741 352 806 castellis
370 743 557 826 castrisque
574 743 727 805 maximis
748 743 873 824 saepsi;
896 763 1021 825 aggere
1037 743 1137 806 viniis
1161 743 1256 805 turri·

205 853 268 915 bus
285 851 485 934 oppugnavi,
505 871 653 933 ususque
674 851 853 914 tormentis
870 851 995 925 multis,
1014 851 1130 913 multis
1157 850 1257 932 sagit·

205 950 300 1022 tariis
322 980 444 1041 magno
469 959 582 1022 labore
604 979 689 1033 meo,
709 959 782 1021 sine
807 958 874 1021 ulla
898 958 1053 1021 molestia
1076 968 1257 1039 sumptuve

206 1067 372 1130 sociorum
399 1067 542 1149 septimo
559 1066 861 1149 quinquagensimo
885 1067 939 1129 die
961 1087 1031 1129 rem
1057 1067 1203 1140 confeci,
1223 1075 1258 1128 ut

206 1175 361 1238 omnibus
387 1175 538 1257 partibus
567 1175 658 1237 urbis
684 1175 881 1237 disturbatis
910 1184 967 1237 aut
993 1174 1143 1238 incensis
1173 1194 1258 1237 com-

206 1283 294 1365 pulsi
327 1283 361 1344 in
393 1291 599 1364 potestatem
630 1303 740 1344 meam
772 1283 996 1364 pervenirent.
1060 1282 1128 1345 His
1162 1291 1257 1344 erant

207 1390 339 1453 finitimi
367 1391 439 1472 pari
468 1390 594 1453 scelere
620 1399 654 1452 et
681 1390 819 1453 audacia
844 1390 1025 1467 Tebarani;
1051 1391 1094 1453 ab
1116 1389 1160 1452 iis
1188 1390 1257 1452 Pin-

123 1513 126 1520 ’
207 1499 341 1561 denisso
373 1507 472 1579 capto
502 1497 637 1560 obsides
670 1498 807 1579 accepi;
839 1498 1023 1562 exercitum
1052 1498 1087 1561 in
1116 1497 1258 1561 hiberna

208 1606 334 1682 dimisi;
360 1606 527 1697 Quintum
551 1605 691 1668 fratrem
714 1606 851 1688 negotio
872 1607 1051 1688 praeposui
1067 1615 1105 1668 ut
1123 1606 1160 1668 in
1178 1606 1257 1668 vicis

207 1723 264 1776 aut
301 1715 407 1795 captis
439 1722 496 1776 aut
530 1714 615 1776 male
648 1714 775 1795 pacatis
810 1715 977 1777 exercitus
1013 1715 1256 1777 conlocaretur.

160 1846 187 1880 11
210 1823 311 1884 Nunc
342 1821 441 1884 velim
472 1822 519 1884 sic
548 1821 611 1886 tibi
615 1806 851 2013 ffrsuadeas
881 1822 910 1885 si
938 1824 980 1886 de
1009 1822 1050 1886 iis
1082 1823 1187 1885 rebus
1219 1821 1257 1883 ad

209 1939 363 1992 senatum
386 1930 527 1992 relatum
545 1930 598 2005 sit,
654 1951 673 1993 e
692 1930 960 1993 existimaturum
983 1951 1152 1993 summam
1179 1930 1257 1992 mihi

208 2036 341 2100 laudem
366 2037 536 2114 tributam,
558 2017 654 2130 pilu
678 2039 839 2102 honorem
865 2060 977 2103 meum
1004 2038 1180 2103 sententia
1203 2048 1259 2100 tua
1285 2062 1286 2065 ¹

209 2146 444 2227 comprobaris,
471 2146 580 2229 idque,
608 2147 673 2209 etsi
697 2146 820 2210 talibus
845 2148 887 2210 de
912 2148 1012 2210 rebus
1040 2148 1257 2229 gravissimos

209 2254 362 2317 homines
387 2264 420 2317 et
446 2239 563 2337 rogare
588 2253 698 2317 solere
720 2265 754 2317 et
776 2256 886 2338 rogari
911 2256 990 2330 scio,
1008 2265 1123 2319 tamen
1149 2256 1258 2318 admo-

210 2363 356 2425 nendum
374 2362 487 2444 potius
504 2372 539 2426 te
559 2383 579 2425 a
601 2382 654 2424 me
671 2384 770 2445 quam
795 2364 979 2446 rogandum
1005 2372 1097 2445 puto,
1149 2343 1205 2425 Tu
1225 2384 1259 2425 es

210 2470 300 2533 enim
317 2470 345 2546 is
368 2470 425 2552 qui
447 2491 501 2533 me
525 2471 592 2533 tuis
618 2465 797 2534 sente'ntiis
822 2472 1019 2554 saepissime
1044 2472 1186 2547 ornasti,
1206 2471 1259 2554 qui
1284 2429 1286 2500 l

210 2569 370 2653 oratione,
400 2577 457 2660 qui
490 2578 747 2660 praedicatione,
777 2580 834 2661 qui
863 2576 1003 2642 summis
1036 2579 1196 2659 laudibus
1229 2579 1259 2639 in

211 2696 340 2762 senatu,
367 2686 402 2748 in
427 2661 641 2750 contionibus
665 2687 706 2749 ad
732 2687 860 2749 caelum
886 2686 1047 2762 extulisti,
1074 2687 1171 2750 cuius
1200 2707 1259 2768 ego

212 2814 344 2874 semper
371 2803 467 2857 tanta
495 2813 570 2855 esse
598 2794 777 2857 verborum
805 2795 953 2875 pondera
980 2795 1096 2877 putavi
1126 2804 1162 2857 ut
1195 2814 1259 2857 uno

211 2901 313 2962 verbo
330 2909 388 2963 tuo
405 2922 481 2963 cum
499 2920 573 2963 mea
588 2901 686 2963 laude
707 2901 886 2966 coniuncto
909 2903 1022 2965 omnia
1043 2903 1187 2984 adsequi
1211 2921 1259 2963 me

248 3063 284 3097 ιο.
302 3050 399 3099 viniis:
417 3065 433 3097 a
453 3050 559 3114 parallel
579 3050 648 3098 form
666 3050 709 3098 for
761 3051 878 3111 Romam
897 3052 929 3099 cf.
943 3054 996 3100 Aa.
1012 3065 1033 3118 5.
1047 3067 1112 3101 20.1
1133 3053 1258 3101 Saturna-
1282 3101 1283 3110 ,

211 3117 300 3163 vineis.
314 3144 346 3150 —
364 3117 646 3179 quinquagensimo:
676 3116 709 3166 cf.
759 3119 827 3166 libus
843 3134 919 3165 mane
935 3135 960 3166 se
983 3120 1050 3167 milei
1069 3121 1258 3167 Pindenissitae
1282 3113 1283 3188 l

211 3184 463 3244 quadragensimum,
484 3183 531 3245 Ep.
545 3183 602 3231 XC.
618 3198 627 3231 1
643 3199 709 3230 n.—
759 3185 912 3232 dediderunt
932 3187 1037 3247 septimo
1059 3192 1084 3233 et
1104 3187 1258 3249 quinquage-
1282 3211 1283 3246 q

212 3248 274 3311 pari
293 3248 418 3297 scelere:
443 3250 510 3296 their
527 3250 605 3297 crime
623 3249 709 3297 would
759 3252 823 3297 simo
841 3252 881 3298 die
896 3257 1033 3315 postquam
1054 3258 1210 3314 oppugnare
1226 3268 1259 3299 eos
1282 3253 1283 3294 l

212 3329 283 3363 seem
296 3321 324 3362 to
337 3315 403 3362 have
420 3315 485 3363 been
504 3314 571 3363 their
589 3316 710 3378 indepen·
760 3319 889 3379 coepimus.
923 3318 995 3377 ‘Qui
1009 3318 1128 3365 malum!
1146 3320 1194 3365 isti
1204 3320 1258 3366 Pin-
1282 3343 1283 3362 r

213 3379 301 3429 dence.
337 3382 380 3428 No
393 3382 469 3429 other
483 3381 576 3443 charge
594 3382 615 3429 is
632 3382 709 3430 made
760 3384 900 3440 demissitae,
932 3386 980 3447 qui
1009 3384 1109 3432 sunt?'
1153 3386 1257 3448 inquies.

214 3447 314 3509 against
327 3447 628 3496 them—Pindenisso
641 3462 709 3511 cap·
761 3455 869 3497 ‘nomen
885 3452 976 3498 audivi
993 3451 1157 3513 numquam.'
1198 3451 1258 3511 Qud

213 3520 259 3561 to:
286 3513 379 3561 Cicero
401 3512 573 3562 understands
592 3514 652 3562 how
669 3516 709 3563 his
760 3531 803 3577 ego
814 3517 939 3580 jaciam?
968 3532 1031 3564 num
1045 3518 1125 3578 potui
1144 3519 1256 3566 Ciliciam
1281 3553 1282 3558 ,

214 3578 396 3640 metropolitan
408 3579 507 3627 friends
518 3580 569 3627 will
587 3580 649 3629 take
665 3581 710 3628 the
761 3584 886 3630 Aetoliam
895 3589 942 3629 aut
949 3584 1130 3631 Macedoniam
1140 3583 1257 3632 reddere?
1281 3583 1282 3630 i

214 3660 283 3692 news
307 3644 335 3691 oi
363 3644 405 3691 his
428 3645 527 3708 victory
550 3662 612 3694 over
635 3648 710 3695 these
797 3662 833 3695 11.
853 3664 870 3696 a
888 3664 953 3697 me:
971 3649 1015 3697 for
1031 3650 1107 3705 mihi,
1127 3658 1157 3697 to
1176 3664 1256 3699 secure
1281 3669 1282 3704 g

214 3718 287 3772 petty
305 3710 505 3767 mountaineers,
518 3711 606 3760 whose
624 3729 709 3769 name,
761 3714 1140 3764 thecontrastwithte.-ad
1150 3717 1256 3765 caelum
1281 3743 1282 3794 q

215 3785 399 3833 even,wasnot
408 3776 502 3824 known
511 3785 538 3825 to
548 3778 592 3826 the
600 3794 709 3843 average
762 3781 906 3891 eristi:
929 3782 950 3830 it
971 3797 1024 3831 was
1047 3783 1119 3831 Cato
1141 3783 1204 3831 who
1225 3784 1257 3830 be-

689 3952 943 3981 -f‘No-'xr
