2575 4200
62 276 114 322 Art.
131 288 153 340 5.
170 274 204 338 1.]

413 275 580 324 CICERO’S
606 276 779 324 LETTERS.
1043 235 1046 239 ²
1070 275 1115 325 lli

59 462 128 525 ego
153 441 306 506 accivero
331 441 474 524 pueros'
533 441 626 505 Nihil
658 444 778 524 potuit,
805 443 887 505 mihi
911 443 1045 526 quidem
1078 453 1115 506 ut

58 552 176 614 visum
195 561 257 627 est,
276 551 416 626 dulciuS,
437 551 535 633 idque
552 572 627 615 cum
645 552 757 614 verbis
780 562 852 614 tum
878 552 977 614 etiam
1002 552 1115 615 animo

57 680 100 723 ac
118 659 228 723 vultu.
270 659 319 721 At
335 658 392 752 illa
407 659 621 723 audientibus
635 660 747 723 nobis:
774 660 867 741 ‘Ego
885 659 980 735 sum,'
995 661 1113 742 inquit,

61 767 140 831 ‘hic
158 765 312 850 hospita’
326 805 372 814 -
387 766 419 831 id
436 777 548 830 autem
569 787 611 830 ex
635 787 685 842 e0,
704 777 740 830 ut
766 768 893 849 opinor,
912 769 1000 850 quod
1024 779 1116 832 ante-

58 885 214 940 cesserat
249 875 378 940 Statius
411 885 448 939 ‘ut
484 874 660 956 prandium
693 875 790 939 nobis
823 876 961 940 videret.
1027 878 1115 941 Tum

59 984 218 1066 Quintus
245 983 339 1058 ‘En‚'
366 983 474 1066 inquit
500 983 591 1059 mihi,
620 984 721 1048 ‘haec
746 1005 810 1066 ego
836 984 944 1065 patior
968 985 1112 1048 cotidie’
1156 1021 1159 1025 ·

58 1092 187 1155 Dices:
207 1092 325 1174 ‘Quid
340 1111 474 1174 quaeSO,
489 1092 576 1155 istuc
588 1101 659 1154 erat
670 1091 701 1154 ?'
736 1093 914 1174 Magnum3
932 1093 1043 1175 itaque
1060 1113 1114 1156 me
1132 1115 1160 1162 4·

57 1201 176 1281 ipsum
200 1209 440 1263 commoverat:
464 1200 512 1263 sic
535 1200 679 1262 absurde
696 1210 729 1263 et
746 1220 864 1281 aspere
880 1201 990 1263 verbis
1007 1201 1115 1263 vultu-

57 1328 129 1390 que
159 1308 387 1389 responderat.
447 1307 666 1370 Dissimulavi
691 1307 818 1370 dolens.
873 1309 1114 1372 Discubuimus

58 1436 185 1479 omnes
218 1425 351 1496 praeter
382 1415 482 1490 illam,
513 1416 567 1479 cui
599 1425 713 1478 tamen
747 1416 896 1498 Quintus
925 1417 966 1479 de
998 1437 1115 1480 mensa

59 1523 172 1600 misit;
191 1523 248 1586 illa
260 1523 385 1587 reiecit.
429 1523 520 1606 Quid
538 1523 665 1586 multa?
683 1523 766 1586 nihil
780 1544 855 1586 meo
872 1524 976 1586 fratre
992 1524 1112 1599 lenius,

59 1631 149 1694 nihil
166 1632 318 1712 asperius
335 1641 393 1694 tua
410 1652 523 1694 sorore
540 1631 621 1694 mihi
637 1631 746 1694 visum
765 1641 827 1707 est,
846 1620 1002 1695 et'multa
1024 1653 1114 1715 prae

59 1749 158 1802 tereo
172 1759 258 1821 quae
276 1749 348 1803 tum
366 1739 447 1801 mihi
464 1740 579 1802 maiori
597 1741 771 1804 stomacho
784 1761 883 1822 quarn
901 1740 965 1822 ipsi
984 1740 1112 1822 Quinto

59 1848 214 1911 fuerunt.
265 1848 339 1930 Ego
364 1831 441 1910 inde
465 1848 655 1930 Aquinum;
680 1849 829 1930 Quintus
854 1849 887 1910 in
906 1848 1041 1911 Arcano
1065 1869 1114 1912 re-

60 1956 190 2048 mansit
204 1965 238 2018 et
252 1956 425 2038 Aquinum
444 1956 485 2018 ad
501 1976 555 2018 me
571 1957 733 2037 postridie
746 1977 844 2019 mane
857 1957 949 2018 venit
967 1957 1113 2039 mihique

61 2063 214 2127 narravit
231 2083 293 2128 nec
316 2083 430 2127 secum
456 2064 544 2127 illam
563 2064 706 2127 dormire
723 2064 870 2128 voluisse
894 2074 938 2139 et,
958 2085 1033 2128 cum
1051 2065 1113 2129 dis-

60 2194 204 2237 cessura
236 2183 337 2248 esset,
365 2172 471 2236 fuisse
500 2173 663 2235 eiusmodi
690 2173 821 2255 qualem
854 2194 917 2256 ego
942 2173 1110 2237 vidissem.
1175 2206 1179 2213 =

60 2282 157 2364 Quid
176 2281 327 2363 quaeris?
351 2281 404 2343 vel
422 2281 486 2362 ipsi
508 2281 572 2344 hoc
590 2281 681 2343 dieas
705 2281 794 2356 licet,
813 2282 1056 2344 humanitatem
1082 2282 1112 2344 ei

58 2409 140 2452 meo
167 2388 290 2453 iudicio
313 2388 370 2451 illo
395 2389 448 2451 die
472 2387 630 2452 defuisse.
683 2388 778 2452 Haec
800 2390 840 2452 ad
861 2398 896 2451 te
913 2389 1032 2469 scripsi
1048 2389 1113 2451 for·

56 2507 156 2560 tasse
170 2495 321 2577 pluribus
334 2516 433 2578 quam
448 2516 586 2559 necesse
603 2497 678 2571 luit,
694 2506 730 2559 ut
743 2496 874 2559 videres
891 2506 966 2559 tuas
979 2516 1113 2579 quoque

58 2626 140 2668 esse
160 2613 272 2685 partes
290 2604 489 2667 instituendi
509 2614 543 2666 et
568 2604 735 2667 monendi.
789 2604 968 2686 Reliquum
994 2615 1055 2679 est,
1075 2615 1111 2668 ut
1132 2621 1146 2673 5

61 2775 173 2817 tenants
197 2766 248 2815 and
271 2767 363 2816 slaves.
374 2796 407 2803 —
417 2767 547 2815 accivero
558 2785 563 2815 ι

61 2836 110 2883 the
128 2834 180 2882 fut.
192 2833 256 2896 peri.
269 2833 396 2882 indicates
413 2834 564 2882 sometimes

62 2901 136 2949 what
149 2900 201 2947 will
213 2900 317 2962 happen
329 2900 404 2947 while
416 2900 565 2961 something

64 2968 118 3015 else
128 2966 207 3015 takes
218 2968 299 3030 place.
326 2966 368 3014 Cf.
378 2968 504 3023 dimisero,
516 2965 563 3027 Ep.

66 3034 126 3081 XV.
154 3046 167 3080 2
192 3048 261 3080 n.-
280 3046 405 3095 pueros:
438 3031 565 3097 probably

62 3114 154 3165 young
164 3100 270 3147 Marcus
279 3098 330 3145 and
342 3102 430 3164 yo'ung
440 3099 563 3159 Quintus,

62 3167 123 3215 who
148 3164 335 3228 accompanied
359 3165 403 3212 the
427 3172 515 3213 orator
535 3172 563 3211 to

63 3233 164 3281 Cilicia
173 3245 270 3295 -ego
281 3266 287 3280 .
300 3266 306 3279 .
318 3267 325 3280 .
335 3232 458 3294 hospita,
469 3233 489 3277 l
496 3248 537 3279 am
547 3247 563 3278 a

61 3308 185 3363 stranger
214 3299 322 3347 hern—
335 3298 461 3348 Statius:
491 3299 564 3344 Pom·

62 3367 144 3430 ponia
161 3381 215 3414 was
239 3364 359 3429 annoyed
379 3373 405 3412 at
426 3364 493 3411 what
517 3363 564 3411 she

61 3432 191 3497 regarded
215 3448 244 3480 as
268 3432 313 3480 the
336 3430 514 3478 officiousness
536 3429 564 3476 of

62 3500 172 3549 Statius.
213 3498 254 3546 Cf.
274 3499 321 3561 Ep.
341 3498 404 3545 VII.
426 3512 435 3544 r
456 3504 563 3545 n-ut

61 3602 68 3615 .
83 3602 89 3615 .
105 3602 111 3614 .
125 3567 248 3623 videret,
257 3572 281 3612 to
292 3580 329 3612 see
341 3571 364 3611 to
373 3579 381 3612 ,·
396 3579 412 3611 a
424 3562 562 3626 colloquial

61 3649 108 3681 use
119 3633 149 3680 of
157 3633 253 3679 vtilere.
270 3631 310 3679 Cf.
318 3633 414 3678 talario
423 3632 521 3678 videam
525 3646 561 3683 us,

60 3702 116 3748 Art.
130 3714 169 3759 14.
182 3712 221 3746 21.
234 3713 250 3757 4
262 3697 314 3745 and
326 3698 385 3745 Ter.
398 3698 491 3744 Heaut.
506 3708 561 3759 459.

59 3794 94 3803 -
104 3780 152 3827 en,
166 3781 206 3814 sec
222 3765 278 3813 that
284 3780 296 3822 ‚·
315 3779 330 3811 a
348 3778 469 3812 common
487 3762 563 3809 inter-

616 2765 714 2829 jection
734 2766 760 2813 iu
780 2765 858 2829 lively
875 2766 1065 2822 conversation,
1083 2781 1112 2814 as

618 2832 694 2879 Latin
712 2831 822 2894 comedy
833 2831 992 2896 abundantly
1009 2848 1110 2895 proves.

617 2897 659 2945 Cf.
673 2898 740 2953 Brix,
755 2900 837 2945 Plaut.
856 2900 880 2945 T
877 2899 927 2945 rin.
940 2913 963 2962 3.

650 2979 672 3022 4.
698 2965 739 3012 sic
756 2964 897 3013 absurde:
915 2965 966 3013 this
979 2980 1025 3014 use
1037 2966 1066 3013 of
1076 2968 1112 3013 sic

617 3039 645 3079 to
659 3046 763 3092 express
773 3031 895 3094 intensity
903 3032 962 3079 with
974 3032 1050 3079 verbs
1060 3031 1111 3079 and

616 3097 758 3160 adjectives
771 3097 793 3143 is
808 3096 891 3144 found
910 3098 1001 3162 chiefly
1012 3099 1038 3146 in
1056 3099 1112 3147 Cic·

616 3179 661 3211 ero
669 3162 719 3211 and
731 3164 774 3210 the
784 3164 867 3210 comic
876 3165 972 3212 writers
980 3165 1109 3228 (Tyrrell).

617 3230 720 3277 Similar
740 3244 820 3285 cases,
840 3230 959 3292 perhaps,
980 3246 1023 3278 are
1045 3233 1109 3278 Hor.

609 3297 670 3344 Sat.
687 3310 706 3343 r.
722 3308 742 3360 5.
755 3296 798 3359 693
812 3310 834 3342 2.
846 3310 866 3358 3.
878 3298 1109 3355 r.—stomacho,

614 3378 762 3425 annoyance
769 3378 780 3419 ‚·
798 3377 920 3410 common
933 3363 958 3409 in
971 3363 1023 3410 this
1035 3378 1110 3411 sense

616 3430 677 3492 only
686 3429 711 3476 in
725 3429 770 3476 the
783 3431 892 3477 Letters.
901 3458 931 3462 -
942 3429 1009 3491 quid
1022 3443 1110 3491 quae·

615 3496 672 3543 ris:
691 3496 722 3542 cf.
744 3496 790 3557 Ep.
810 3496 841 3541 V.
860 3504 1031 3555 4n.-tuas
1050 3530 1057 3543 .
1077 3528 1109 3543 ·.

615 3561 751 3610 monendi
764 3579 769 3607 :
783 3563 886 3609 Atticus
899 3562 920 3608 is
933 3561 1069 3623 requested
1082 3570 1110 3609 to

615 3643 724 3689 reprove
742 3627 782 3674 his
796 3627 880 3685 sister,
893 3628 947 3691 just
959 3643 989 3675 as
1007 3628 1040 3676 he
1057 3628 1110 3677 had

615 3694 767 3756 apparently
790 3694 872 3742 asked
901 3694 993 3741 Cicero
1024 3702 1051 3742 to
1075 3711 1111 3744 re·

614 3775 694 3822 prove
708 3761 833 3821 Quintus;
846 3760 878 3808 cl.
889 3774 910 3825 3.
932 3760 1047 3821 Quintus
1059 3761 1112 3811 and
