2575 4200
206 206 254 260 154
544 209 712 259 CICERO'S
738 208 911 258 LETTERS.
954 210 959 220 ’
1072 208 1126 273 [Ep.
1138 208 1213 255 XLlll

204 376 258 441 Tu
275 375 376 441 etiarn
393 384 494 461 atque
510 376 611 441 etiam
632 398 711 442 cura
727 387 764 441 ut
781 377 901 453 valeas,
920 375 1114 458 litterasque
1131 375 1166 437 ad
1179 394 1214 435 ne
1267 420 1269 423 ψ

204 485 319 549 mittas
341 486 642 569 quotienscumque
663 486 802 550 habebis
823 486 878 550 cui
892 486 963 550 des,
1013 485 1121 548 Etiam
1142 493 1217 564 atque

205 593 306 659 etiam
322 594 404 658 vale.
455 595 498 660 D.
516 616 563 679 pr.
585 594 666 659 Idus
684 594 754 658 Ian.
868 585 873 597 ’

512 854 644 919 xum.
680 854 783 939 (mm.
807 871 856 933 14.
879 807 986 954 nus¹

203 1025 361 1109 TVLLIVS
396 1028 614 1077 TERENTIAE
651 1030 698 1077 ET
738 1029 860 1077 PATER
895 998 1067 1085 TVLLIAE,
1101 1024 1225 1075 DVABVS
1257 1101 1262 1120 Ι

315 1122 451 1171 ANIMIS
477 1122 564 1179 SVIS,
590 1122 637 1170 ET
661 1122 801 1171 CICERO
826 1123 946 1171 MATRI
973 1121 1148 1183 QPTIMAE,

437 1214 691 1265 SVAVISSIMAE
716 1215 853 1264 SORORI
879 1216 906 1264 S.
931 1216 958 1263 P.
983 1216 1017 1262 D.
1056 1267 1060 1278 ¹
1113 1279 1116 1284 .

171 1376 183 1414 ι
251 1345 288 1413 Si
303 1362 364 1412 vos
380 1348 510 1424 valetiS,
525 1370 587 1411 nos
604 1349 763 1412 valemus.
812 1349 973 1412 Vestrum
990 1348 1055 1411 iarn
1073 1329 1225 1412 consilium

203 1467 266 1533 est,
292 1478 360 1520 non
386 1458 493 1520 solum
519 1477 640 1532 meum,
667 1458 747 1540 quid
771 1458 816 1520 sit
841 1458 935 1520 vobis
959 1458 1158 1520 faciendum.
1201 1439 1228 1516 Si
1267 1441 1269 1460 ³

203 1565 258 1629 ille
277 1567 419 1647 Romam
446 1566 598 1629 modeste
614 1574 777 1628 venturus
802 1575 865 1640 est,
885 1574 977 1629 recte
1001 1564 1035 1626 in
1060 1555 1228 1647 praesentia

203 1674 292 1737 dorni
309 1656 385 1737 esse
402 1674 560 1756 potestis;
579 1673 631 1736 sin
649 1673 749 1735 homo
762 1694 878 1736 amens
895 1654 1115 1755 diripiendam
1132 1673 1226 1735 urben

203 1782 341 1845 daturus
359 1791 421 1858 est,
440 1802 558 1845 vereor
574 1791 610 1844 ut
637 1781 815 1869 Dolabella
831 1781 903 1864 ipse
928 1782 1009 1845 satis
1034 1782 1131 1845 nobis
1154 1780 1228 1862 prod-

203 1910 279 1954 esse
296 1890 411 1972 possit.
464 1890 574 1952 Etiam
593 1889 674 1952 illud
692 1898 816 1965 metuo,
835 1910 877 1952 ne
895 1890 958 1952 iam
976 1889 1228 1958 intercludamus,

203 2008 250 2075 ut,
269 2019 345 2062 cum
366 1997 478 2061 velitis
503 1998 602 2072 exire,
621 2019 689 2060 non
714 1996 823 2062 liceat.
874 1998 1055 2080 Reliquum
1081 2008 1142 2072 est,
1159 1996 1230 2079 quod

203 2107 296 2190 ipsae
313 2107 439 2190 optime
457 2106 723 2182 considerabitis
742 2107 847 2170 vestri
864 2107 989 2170 similes
1006 2107 1152 2170 feminae
1167 2106 1232 2168 sint-

203 2236 246 2280 ne
264 2217 408 2292 Romae;
433 2215 567 2278 sienim
585 2235 653 2278 non
671 2224 760 2289 sunt,
779 2215 959 2278 videndum
976 2224 1083 2278 estut
1109 2216 1232 2277 honeste

202 2345 262 2386 vos
281 2344 356 2388 esse
372 2324 518 2406 possitis.
555 2323 733 2406 Quomodo
752 2323 887 2406 quidem
905 2344 995 2386 nunc
1012 2343 1049 2385 se
1066 2344 1121 2386 res
1137 2324 1231 2393 habet,

203 2433 302 2495 modo
326 2441 363 2495 ut
387 2431 469 2495 haec
494 2432 591 2495 nobis
624 2431 698 2495 loca
721 2441 839 2495 tenere
864 2432 971 2507 liceat,
990 2432 1173 2495 bellissime
1194 2428 1233 2491 vel

203 2560 338 2603 mecum
358 2539 410 2602 vel
435 2539 469 2601 in
493 2541 618 2603 nostris
643 2540 789 2622 praediis
815 2560 890 2603 esse
914 2541 1079 2622 poteritis.
1139 2540 1234 2602 Etiam

204 2648 284 2710 illud
300 2649 482 2711 verendum
499 2657 562 2723 est,
577 2669 620 2710 ne
636 2649 730 2712 brevi
748 2644 899 2730 tempore
917 2649 1025 2711 fames
1043 2648 1078 2711 in
1096 2651 1176 2712 urbe
1191 2648 1233 2710 sit.

170 2779 184 2814 ι
205 2756 270 2818 His
288 2757 328 2818 de
345 2756 445 2819 rebus
461 2756 561 2819 velim
588 2778 664 2820 cum
691 2757 882 2838 Pomponi0,
902 2778 977 2819 curn
1004 2756 1155 2832 Camillo,
1169 2741 1234 2819 ¹cun

204 2863 324 2947 quibus
340 2863 435 2927 vobis
451 2864 619 2927 videbitur
645 2859 874 2938 consideretis
893 2866 935 2955 ad
957 2885 1122 2927 summam
1140 2866 1235 2927 animo
1267 2832 1269 2913 l

203 2971 284 3034 forti
316 2972 400 3036 sitis
468 2973 638 3036 Labienus
672 2982 743 3034 rem
775 2971 947 3034 meliorem
978 2972 1084 3047 fecit;
1118 2973 1235 3034 adiuvat
1267 2956 1269 3035 l

237 3113 341 3161 xum.
383 3113 540 3170 Minturnae,
574 3113 631 3173 Jan.
662 3127 701 3176 23,
787 3126 809 3160 2.
824 3112 1001 3161 camiumc.
1012 3112 1106 3161 Furius
1117 3112 1237 3160 camnus,
1267 3076 1269 3137 l

202 3193 235 3241 49
253 3191 303 3228 Bc.
753 3178 1238 3241 alegallriendolCicero.-adsurn-
1267 3140 1269 3258 l

239 3260 259 3292 1.
278 3245 338 3294 ille:
357 3247 394 3292 ie.
408 3245 593 3295 Caesam—ut
613 3246 701 3294 Dola·
753 3259 841 3305 marn,
853 3248 882 3292 in
894 3246 985 3301 short;
1004 3260 1021 3293 a
1037 3245 1158 3308 frequent
1174 3247 1238 3293 collo·
1267 3270 1269 3289 t

203 3312 278 3361 bella
291 3347 298 3360 .
312 3346 319 3360 .
332 3346 339 3360 .
353 3312 456 3374 possit:
477 3311 622 3368 Dolabella,
642 3313 701 3359 Tul·
752 3313 822 3375 quial
830 3312 932 3374 phrase.
943 3311 984 3360 Cf.
990 3313 1064 3360 Fam.
1072 3311 1095 3360 8.
1106 3326 1168 3373 144
1180 3331 1185 3371 ;
1195 3315 1237 3359 Atr.

108 3428 111 3434 ,
202 3379 258 3426 lia’s
270 3377 399 3434 husband,
413 3377 465 3425 had
477 3377 567 3442 joined
580 3379 700 3427 Caesar’s
755 3393 869 3439 14.1.1;
889 3380 1030 3435 Petronz,
1047 3392 1086 3442 37,
1105 3391 1145 3442 45,
1162 3390 1239 3427 etc.-

202 3453 284 3509 party,
297 3444 349 3492 and
362 3443 440 3493 could
458 3444 587 3494 therefore
600 3453 701 3508 protect
754 3446 910 3504 Labienus,
924 3452 989 3493 etc:
1006 3445 1038 3492 cf.
1049 3446 1122 3492 Fam.
1138 3446 1174 3494 16.
1185 3458 1237 3500 rar

203 3511 326 3560 Terentia
337 3511 389 3558 and
402 3511 487 3558 Tullia
499 3511 567 3559 from
582 3512 701 3560 Caesar’s
754 3513 871 3575 (Caesar)
885 3513 1028 3560 maximam
1046 3519 1129 3559 autem
1141 3514 1237 3574 plagam
1267 3540 1268 3591 l

201 3578 341 3626 followers.
351 3577 481 3626 —vestri
492 3577 602 3626 similes
612 3596 616 3623 :
626 3580 663 3625 im
673 3577 702 3624 ol
751 3581 850 3641 occepit,
862 3581 930 3641 quod
940 3580 961 3624 is
973 3580 1020 3641 qui
1030 3594 1157 3626 summam
1169 3586 1239 3626 aucto
1267 3612 1268 3645 ;

203 3659 267 3708 your
284 3644 357 3692 rank.
367 3644 535 3707 -praediis
547 3662 553 3692 :
572 3660 615 3693 see
636 3645 699 3692 lntr.
752 3648 852 3692 ritatem
861 3647 890 3692 in
899 3647 971 3693 illius
979 3646 1091 3694 exercitu
1101 3646 1207 3701 habebat,
1218 3645 1238 3691 T.
1267 3654 1268 3707 l

202 3721 242 3774 45·
752 3711 886 3769 Labienus,
895 3713 977 3760 socius
985 3712 1084 3760 sceleris
1096 3728 1146 3761 csse
1154 3713 1238 3766 noluit;
1267 3712 1269 3759 l

1267 3908 1269 4024 l

1267 4070 1269 4161 l
