2575 4200
236 251 286 299 260
578 253 746 302 CICERO'S
772 254 946 304 LETTERS.
1154 254 1212 319 [Ep.
1225 257 1262 304 XC.

235 419 431 500 capedinem
449 421 618 484 scribendi
634 421 767 496 iecisse,
785 422 844 484 sed
865 421 978 502 potius
1003 421 1174 498 laetabar;
1199 423 1265 486 truc·

235 537 306 590 turn
339 527 428 590 enim
468 549 626 610 magnum
668 529 883 592 humanitatis
924 538 1003 592 tuae
1042 529 1209 611 capiebam
1238 552 1266 594 er

235 633 367 698 silentio
383 655 531 699 mearum
548 636 743 700 litterarum.
789 637 1020 700 Vehementer
1036 638 1140 720 igitur
1155 640 1264 720 gaudeo

156 795 161 804 .
234 753 269 806 te
309 763 416 806 meam
452 744 526 807 sine
564 743 772 808 dubitatione
811 744 981 827 accepisse
1022 746 1262 809 excusationem.

146 859 158 880 ⁰
201 851 358 914 2Grat0s
386 853 447 915 tibi
478 861 678 934 optatosque
695 872 770 916 esse
795 852 995 934 quideme
1020 874 1172 917 rumores
1194 855 1264 917 adle-

235 971 354 1023 runtur
377 981 444 1023 non
474 960 600 1036 dubito,
626 961 671 1022 mi
700 958 891 1024 dulcissime
919 960 1010 1036 Tiro,
1036 963 1263 1044 praestaboque

234 1077 269 1130 et
286 1069 393 1131 enitar
409 1077 445 1131 ut
463 1068 497 1130 in
514 1069 585 1131 dies
601 1068 707 1150 magis
724 1069 895 1150 magisque
912 1069 994 1133 haec
1011 1089 1156 1134 nascens
1172 1049 1211 1133 de
1224 1091 1263 1132 me

234 1176 421 1259 duplicetur
445 1177 565 1259 opinio.
625 1177 748 1260 Quare,
775 1177 865 1260 quod
892 1177 1058 1259 polliceris
1087 1189 1122 1241 te
1152 1179 1262 1242 bucina-

234 1294 340 1347 torem
364 1284 438 1349 lore
461 1285 715 1348 existimationis
740 1306 843 1360 meae,
868 1285 964 1348 firmo
989 1286 1021 1348 id
1046 1287 1262 1368 constantique

233 1393 343 1456 animo
366 1393 468 1457 facias
493 1393 587 1470 licet;
612 1402 743 1456 tanturn
767 1394 855 1456 enim
880 1392 961 1456 mihi
985 1392 1134 1458 dolorem
1160 1395 1260 1458 crucia-

232 1511 372 1583 tumque
404 1501 591 1565 attulerunt
620 1510 731 1565 errata
754 1502 873 1565 aetatis
898 1521 993 1565 meae
1018 1510 1054 1564 ut
1080 1522 1149 1565 non
1173 1503 1259 1566 solun

232 1609 362 1673 animus
385 1630 405 1672 a
428 1609 537 1684 factis,
558 1610 616 1674 sed
640 1630 739 1673 aures
763 1630 897 1692 quoque
921 1631 941 1673 a
966 1612 1260 1674 commemoratione

232 1717 443 1782 abhorreant.
494 1717 597 1782 Cuius
621 1728 656 1780 te
681 1714 914 1782 sollicitudinis
943 1727 977 1780 et
1003 1717 1124 1781 doloris
1153 1718 1259 1800 partici-

233 1845 308 1906 pem
339 1825 444 1889 luisse
477 1837 593 1889 notum
627 1826 901 1908 exploratumque
933 1836 986 1889 est
1029 1826 1118 1901 mihi,
1154 1847 1212 1889 nec
1238 1825 1266 1896 id.

232 1934 371 2011 mirum;
403 1955 479 1996 nam
505 1955 579 1997 curn
605 1935 715 1998 omnia
739 1955 813 1998 mea
837 1955 937 1998 causa
960 1935 1064 1998 velles
1096 1935 1175 1997 mihi
1203 1954 1259 1996 suc·

233 2062 336 2119 cessa,
354 2052 425 2106 tum
443 2043 542 2106 etiarn
559 2051 617 2107 tua
632 2065 639 2120 ;
665 2044 791 2108 socium
809 2043 896 2107 enim
914 2052 948 2106 te
964 2063 1115 2107 meorum
1137 2063 1258 2108 commo

234 2216 283 2265 See
295 2218 352 2265 also
361 2218 425 2265 Intr.
435 2219 474 2282 96.
482 2220 712 2267 —vehementer
723 2236 728 2265 :

232 2283 264 2331 cf.
279 2284 342 2331 Intr.
355 2298 396 2346 90.

267 2365 289 2397 2.
324 2359 424 2413 gratos
466 2360 655 2414 optatosque:
695 2352 727 2399 ct.

224 2418 307 2480 firmo
339 2420 518 2480 constantique,
552 2432 583 2474 23
617 2420 727 2467 dolorem

231 2485 430 2547 cruciatumque,
455 2499 484 2541 2;
507 2486 686 2533 sollicitudinis
706 2492 729 2531 et

231 2552 332 2606 doloris,
364 2564 392 2605 2;
413 2552 494 2613 frugi
521 2567 663 2613 severoque,
695 2565 727 2610 4;

224 2618 407 2681 familiaribus
435 2624 459 2664 ct
481 2618 671 2671 cosmictoribus,
695 2630 727 2681 53

232 2682 284 2730 and
302 2691 407 2745 gratum
431 2692 612 2746 acceptumque,
633 2698 666 2743 73
685 2699 728 2732 see

232 2750 288 2797 also
312 2766 355 2796 oro
377 2751 479 2806 obsecro,
502 2752 548 2813 Ep.
574 2752 602 2797 L.
628 2764 637 2796 1
666 2766 729 2797 n.-

232 2829 363 2865 rumores
375 2834 380 2863 :
398 2833 470 2865 more
481 2816 615 2865 favorable
627 2826 729 2879 reports

232 2883 382 2930 mentioned
411 2885 435 2930 in
471 2884 557 2931 Tiro's
585 2886 669 2939 letter,
700 2892 727 2931 to

232 2949 315 2997 which
328 2949 380 2998 this
392 2951 484 3012 epistle
500 2951 521 2998 is
534 2966 566 2997 an
580 2966 685 2998 answer.
695 2978 729 2985 -

232 3024 595 3079 gratos...esse...non
607 3018 727 3067 dubito:

231 3083 263 3131 ct.
278 3083 369 3139 Pollio,
382 3084 454 3131 Fam.
471 3098 507 3131 ιο.
521 3098 559 3146 31·
578 3097 591 3148 5
605 3085 675 3131 illud
689 3100 728 3131 me

233 3152 363 3198 Cordubae
370 3157 420 3211 pro
429 3153 539 3197 contione
548 3152 643 3198 dixisse
656 3166 728 3199 nemo

230 3218 327 3265 vocabit
356 3219 385 3263 in
413 3218 539 3272 dubium
572 3216 727 3274 Trebonius,

782 2218 850 2267 cited
863 2218 907 2266 the
919 2217 1068 2281 dependent
1080 2218 1142 2267 verb
1153 2216 1265 2281 precedesq

781 2302 831 2333 nou
844 2286 935 2341 dubito,
946 2284 998 2332 and
1010 2285 1055 2333 the
1068 2285 1151 2333 writer
1161 2286 1186 2332 in
1199 2287 1257 2342 using

781 2352 825 2400 the
843 2366 894 2399 acc.
908 2351 959 2399 and
977 2352 1049 2399 infin.
1064 2352 1111 2401 has
1129 2352 1153 2399 in
1171 2349 1257 2399 minda

781 2417 842 2466 verb
861 2417 890 2465 of
908 2418 1030 2480 thinking
1048 2420 1073 2465 in
1095 2418 1201 2481 general,
1218 2414 1256 2462 and

780 2492 826 2532 not
839 2484 883 2532 the
895 2486 990 2547 special
1009 2485 1104 2547 phrase
1122 2500 1172 2531 non
1182 2484 1255 2531 dubito.

781 2551 867 2599 When
892 2567 943 2598 non
964 2552 1049 2599 dubs'to
1065 2550 1191 2613 precedes,
1207 2550 1255 2611 quio

780 2618 840 2665 with
860 2618 904 2666 the
918 2617 986 2681 subj.
999 2619 1021 2665 is
1033 2619 1128 2682 always
1145 2615 1217 2671 used;
1232 2612 1254 2660 cl.

780 2698 793 2744 7
808 2685 837 2732 of
848 2685 899 2734 this
911 2686 995 2733 letter.
1016 2685 1065 2733 See
1078 2686 1133 2733 also
1148 2682 1254 2733 Schmolz.

784 2752 862 2799 Ucber
868 2753 892 2799 d.
901 2754 923 2799 S
918 2752 1126 2815 praelogcbrauch
1135 2752 1158 2798 d.
1167 2748 1254 2797 Asinius

780 2820 870 2875 Pollio,
900 2834 924 2880 p.
953 2817 1086 2866 88.-mi
1110 2816 1253 2867 dulcissime

780 2885 868 2933 Tiro:
887 2885 918 2932 cf.
933 2887 972 2932 mi
988 2886 1120 2945 Posnpani,
1139 2884 1184 2946 Ep.
1201 2882 1227 2929 X.
1238 2894 1253 2923 t·

779 2950 831 2998 and
849 2952 911 2999 Intr.
930 2950 961 2999 88
971 2968 995 2998 a.
1006 2952 1076 2999 —in
1094 2952 1157 2999 dies
1180 2944 1263 3015 magis}

780 3018 932 3081 magisque
945 3035 950 3063 :
968 3018 1012 3065 tor
1023 3018 1068 3065 the
1078 3018 1149 3066 strict
1159 3009 1263 3064 Classlcalt

780 3086 928 3146 expression
947 3086 974 3130 in
993 3086 1046 3131 dics
1065 3086 1146 3147 magis
1159 3082 1198 3145 (cf.
1214 3079 1263 3170 Citq

774 3158 825 3211 pro
834 3152 894 3199 Mil.
906 3165 918 3199 2
924 3150 956 3215 5).
963 3178 996 3185 -
1007 3152 1200 3199 bucinatorem
1210 3165 1215 3191 τ
1225 3158 1253 3213 qu

779 3218 896 3282 parently
916 3225 963 3265 not
985 3218 1050 3265 used
1073 3219 1098 3265 in
1124 3218 1166 3265 the
1184 3214 1253 3274 figun-

231 3284 304 3331 Fam.
320 3296 357 3329 12.
373 3283 409 3330 16.
423 3297 436 3330 2
449 3286 492 3330 cui
502 3300 547 3330 rios
558 3288 695 3331 etcoritatc
706 3290 730 3331 ct
779 3284 831 3333 tive
841 3299 917 3332 sense
928 3285 1076 3332 elsewhere.
1084 3312 1118 3319 —
1126 3289 1250 3332 success&

230 3366 318 3398 amore
335 3356 406 3397 ocum
427 3352 536 3412 officium
551 3358 728 3413 praestaturos
780 3350 967 3401 Mendelssohn
985 3351 1059 3409 cites,
1076 3366 1105 3399 as
1123 3346 1218 3414 parallel
1232 3354 1262 3393 10.

231 3433 282 3465 non
299 3417 368 3463 deles
384 3418 507 3465 dubitare.
543 3417 585 3464 Cf.
598 3418 654 3466 also
668 3417 726 3465 Ter.
779 3417 831 3465 this
850 3412 960 3466 unusual
978 3418 1121 3480 participle,
1133 3411 1249 3464 custodibo

230 3484 291 3531 Hec-
304 3483 365 3547 326;
385 3484 457 3531 Varr.
473 3485 655 3546 Ling.Lat.7.
673 3497 726 3544 107.
778 3485 892 3532 discessis
914 3484 983 3532 irom
1005 3484 1112 3533 Coelius
1137 3481 1248 3552 Antipatri

230 3550 288 3598 The
303 3549 375 3597 infin.
387 3550 454 3597 aiter
471 3567 523 3597 nan
541 3551 625 3598 dubito
642 3551 664 3599 is
681 3556 726 3597 not
779 3550 830 3597 and
842 3552 892 3599 sole
909 3567 991 3598 occaso
1005 3550 1074 3598 from
1092 3544 1247 3610 Q..Claud1us-

228 3616 313 3664 found
330 3617 356 3663 in
380 3616 473 3664 Cicero
494 3616 545 3679 (cf,
565 3616 692 3672 however,
711 3630 728 3662 a
780 3616 905 3664 Schwabe
923 3616 1087 3679 conjectures
1104 3629 1203 3663 successe
1213 3607 1247 3669 (l01

229 3683 343 3744 scarcely
367 3683 474 3743 parallel
497 3696 608 3745 passage
627 3683 654 3730 in
673 3682 726 3730 Cic.
778 3682 931 3744 successisse)
943 3682 1004 3731 with
1014 3681 1188 3731 considerable
1195 3671 1261 3739 prol.

229 3746 260 3791 de
280 3748 339 3792 Fin.
358 3760 380 3808 3.
401 3746 450 3809 38).
488 3748 519 3794 In
537 3747 570 3794 all
589 3747 634 3795 the
654 3762 728 3797 cases
778 3747 874 3813 ability.
902 3746 1244 3811 ct.cccesse‚Ep.x1x.2o
