2575 4200
340 269 506 319 CICERO’S
533 270 707 320 LETTERS.
1004 271 1052 324 177

18 267 71 316 bru.
86 283 107 315 2.
124 267 178 334 16]

18 436 166 516 ptimum
198 437 586 518 mihique'carissimum,
613 458 656 500 an
687 438 830 513 dubitas,
857 459 932 502 cum
966 439 1053 502 scias

18 545 116 626 panti
134 565 214 608 cum
233 545 324 608 illum
341 554 412 608 turn
429 566 508 609 vero
528 546 672 608 Tulliam
690 566 797 609 meam
823 547 952 622 faciam,
972 548 1053 630 quin

18 672 108 714 ame
127 673 211 716 cura
227 654 522 717 vehementissime
548 654 715 729 sollicitet,
732 665 765 717 et
783 674 823 718 eo
840 656 947 737 magis
964 657 1055 737 quod·

18 779 33 822 n
51 761 290 825 communibus
307 762 450 826 miseriis
471 763 532 826 hac
549 771 663 825 tamen
688 763 881 826 oblectabar
905 764 1049 845 specula,

18 867 217 932 lolabellam
234 889 344 932 meum
361 869 413 932 vel
430 871 542 952 potius
560 880 712 933 nostrum
729 871 802 934 fore
825 872 868 934 ab
886 871 926 934 iis
952 872 1051 935 mole·

18 976 82 1051 tiis,
99 997 187 1059 quas
204 977 403 1040 liberalitate
421 998 481 1040 sua
498 987 720 1052 contraxerat,
736 978 901 1042 liberum?
937 979 1050 1047 Velim

18 1105 142 1166 Quaeras
169 1105 252 1167 quos
279 1085 332 1148 ille
360 1086 432 1149 dies
463 1087 671 1161 sustinuerit,
699 1088 732 1148 in
758 1087 840 1149 urbe
864 1088 942 1149 dum
974 1087 1048 1175 fuit,

18 1213 99 1273 ruam
135 1194 274 1257 acerbos
307 1195 380 1268 sibi,
415 1215 513 1276 quam
553 1195 706 1257 mihimet
738 1195 803 1276 ipsi
835 1214 950 1258 socero
982 1215 1050 1258 non

18 1310 178 1364 ionestos.
213 1303 331 1384 ltaque
343 1322 452 1384 neque
466 1323 529 1384 ego
546 1303 635 1366 hunc
658 1303 919 1384 Hispaniensem
937 1323 1050 1366 casum
1069 1313 1085 1362 6

18 1419 174 1491 exspecto,
191 1394 240 1473 ¹de
264 1431 329 1492 quo
354 1411 435 1473 mihi
462 1411 670 1493 exploratum
696 1420 748 1474 est
773 1412 820 1473 ita
844 1433 918 1474 esse
943 1421 979 1474 ut
1014 1421 1050 1474 tu

20 1518 134 1594 cribis,
154 1538 263 1601 neque
280 1519 455 1601 quicquam
473 1528 585 1582 astute
603 1520 724 1601 cogito.
777 1519 962 1601 Siquando
988 1520 1050 1582 erit

18 1625 131 1702 :ivitas,
146 1626 209 1690 erit
227 1627 379 1708 proiecto
397 1628 494 1691 nobis
511 1627 619 1704 locus;
644 1629 697 1690 sin
714 1638 825 1690 autem
843 1648 910 1689 non
928 1629 1000 1702 erit,
1016 1629 1050 1690 in

18 1736 139 1797 easdem
170 1735 367 1803 solitudines
389 1744 426 1796 tu
450 1737 530 1816 ipse,
549 1745 586 1798 ut
611 1736 762 1809 arbitror,
781 1736 904 1809 venies,
925 1736 957 1797 in
983 1738 1051 1817 qui-

18 1863 64 1905 tus
87 1863 152 1906 nos
174 1843 367 1906 consedisse
384 1844 509 1906 audies,
560 1843 627 1907 Sed
646 1863 709 1925 ego
726 1845 870 1906 fortasse
887 1844 1051 1906 vaticinor

18 1958 36 2010 et
53 1951 138 2014 haec
155 1952 268 2014 omnia
283 1952 437 2015 meliores
455 1952 626 2014 habebunt
640 1953 749 2014 exitus
763 1973 770 2027 ;
796 1952 950 2014 recordor
961 1953 1048 2014 enim

18 2057 258 2141 lesperationes
284 2079 398 2124 eorum
422 2060 479 2143 qui
502 2080 601 2125 senes
627 2070 720 2123 erant
746 2061 961 2123 adulescente
985 2081 1046 2124 me.

18 2168 73 2231 ios
85 2190 150 2251 ego
160 2169 305 2232 fortasse
316 2190 405 2233 nunc
418 2170 529 2232 imitor
543 2179 575 2232 et
589 2178 666 2232 utor
675 2170 795 2231 aetatis
806 2170 895 2231 vitio.
939 2169 1049 2231 Velim

18 2285 49 2339 ta
66 2277 126 2353 sit;
153 2279 212 2340 sed
232 2286 344 2340 tamen
357 2316 419 2341 -.
471 2279 599 2359 Togam
619 2287 826 2358 praetextam
848 2278 917 2339 texi
938 2277 1049 2358 Oppio
1067 2289 1081 2336 7

18 2431 123 2491 maique
146 2430 305 2490 patrimonia
329 2430 502 2490 praestantior
553 2428 701 2487 vaticinor,
717 2430 831 2490 perhaps
848 2429 869 2475 I
880 2444 922 2475 am
946 2444 962 2474 a
978 2429 1050 2491 false

18 2496 85 2543 toria
97 2496 204 2543 virtutis
216 2511 354 2557 rerumque
361 2502 500 2557 gestarum.
548 2496 665 2557 prophet.
702 2495 827 2543 fortasse
840 2510 949 2557 appears
969 2501 997 2541 to
1016 2493 1048 2541 be

18 2576 82 2611 -an
101 2562 235 2611 dubitas:
259 2562 333 2609 when
351 2577 385 2609 an
403 2576 502 2610 answer
553 2562 659 2626 cynical.
696 2562 735 2609 Its
754 2577 799 2609 use
817 2562 839 2609 is
858 2561 929 2623 quite
948 2560 974 2608 in
994 2560 1049 2608 har-

18 2642 30 2675 o
48 2644 65 2676 a
82 2627 209 2693 difficulty
224 2628 246 2676 is
264 2629 365 2676 thrown
382 2628 438 2676 into
457 2628 501 2675 the
553 2643 632 2692 mony
640 2628 701 2676 with
712 2628 756 2676 the
768 2627 902 2691 markedly
912 2628 977 2675 calm
987 2634 1049 2674 tone

18 2709 71 2742 orm
81 2695 110 2743 of
122 2710 138 2743 a
150 2694 280 2758 question,
289 2695 309 2742 it
317 2694 340 2743 is
352 2694 502 2757 commonly

18 2760 159 2809 rtroduced
172 2760 206 2825 by
218 2778 252 2809 an
259 2776 270 2818 ;
289 2760 321 2809 cf.
340 2762 410 2809 Ture.
424 2763 500 2822 Disp.

19 2864 25 2873 .
37 2842 68 2888 14
77 2830 155 2891 quasi
166 2843 217 2876 non
227 2843 320 2875 neeesse
331 2829 371 2884 sit,
379 2828 504 2892 quicquid

18 2902 49 2942 rto
72 2895 146 2942 modo
164 2896 326 2955 pronunties,
344 2895 374 2941 id
388 2900 436 2942 aut
452 2910 502 2943 esse

19 2968 48 3007 ut
60 2977 113 3009 non
125 2976 183 3009 esse.
218 2962 262 3008 An
280 2968 309 3009 tu
320 2961 455 3009 draleeticis
471 2976 502 3008 ne

18 3028 114 3075 wbutus
125 3028 227 3090 quidem
239 3043 271 3075 es.
308 3027 356 3076 See
371 3028 427 3075 also
440 3028 502 3074 Phi-

18 3096 64 3157 ipp.
76 3108 98 3141 2.
114 3093 336 3157 38.—liberum:
355 3093 500 3149 Dolabella,

18 3160 77 3209 rhen
89 3160 123 3208 he
136 3174 188 3209 was
200 3160 227 3207 in
238 3176 325 3223 power
337 3168 364 3208 at
383 3161 468 3208 Rome
485 3175 501 3208 a

18 3242 53 3275 ew
65 3242 140 3292 years
158 3227 230 3284 later,
243 3227 355 3291 actually
369 3225 500 3289 proposed

18 3308 81 3341 tavae
98 3294 199 3342 tabulae
206 3309 217 3351 ;
241 3292 273 3341 cf.
292 3295 346 3341 Ate.
368 3307 404 3340 11.
424 3306 462 3357 23.
476 3306 498 3356 3.

18 3375 116 3423 -quos
141 3360 189 3408 ille
207 3360 279 3419 dies,
293 3367 353 3407 etc:
374 3376 405 3407 sc.
424 3359 498 3407 when

18 3427 109 3476 ressed
129 3426 164 3491 by
181 3426 221 3475 his
239 3425 365 3475 creditors
382 3426 424 3474 for
441 3440 500 3490 pay-

18 3502 82 3542 nent.

36 3560 59 3609 6.
81 3560 311 3623 Hispaniensem
330 3572 448 3607 casum:
467 3558 499 3606 cf.

18 3628 187 3689 temspaniis,
199 3628 246 3689 Ep.
258 3627 286 3673 L.
299 3639 314 3689 3
327 3641 351 3673 n.
360 3653 394 3660 —
403 3633 499 3674 astute

18 3694 116 3756 rogito:
141 3692 184 3741 for
206 3700 319 3741 astutum
344 3695 439 3755 cogito,·
466 3691 499 3739 cf.

18 3762 108 3817 rolin,
122 3760 169 3822 Ep.
184 3760 261 3807 XXI.
277 3773 323 3806 1n.
333 3788 365 3794 —
374 3758 499 3806 fortasse

553 2694 635 2742 which
659 2694 750 2742 Cicero
771 2693 863 2742 affects
887 2694 1049 2755 throughout

552 2760 578 2808 in
592 2761 708 2825 replying
725 2769 751 2808 to
764 2760 809 2808 the
821 2761 956 2823 impulsive
973 2760 1049 2808 letter

553 2827 582 2874 oi
606 2827 822 2875 Caelius-sed
841 2835 956 2875 tamen:
983 2828 1047 2875 such

552 2909 585 2941 an
604 2894 767 2956 aposiopesis
787 2894 809 2941 is
827 2894 964 2957 especially
981 2909 1049 2941 corn·

553 2976 614 3008 mon
626 2961 653 3007 in
669 2960 713 3008 the
732 2961 834 3008 Letters
847 2960 921 3008 when
934 2960 979 3008 the
991 2976 1049 3023 sup-

552 3026 659 3089 pressed
669 3025 843 3090 possibilityis
852 3042 885 3075 an
895 3027 1047 3089 unpleasant

553 3108 611 3141 one.
652 3092 749 3141 Boekel
775 3100 869 3155 quotes
887 3094 940 3140 Att.
964 3106 987 3153 7.
1009 3107 1047 3156 23.

554 3174 566 3207 2
594 3160 698 3207 manebo
726 3161 813 3223 igitur,
837 3163 884 3207 etsi
906 3162 1047 3216 vehere—,¹

551 3227 624 3274 Fam.
640 3240 677 3285 14.
691 3240 713 3289 3.
729 3239 742 3289 5
754 3228 777 3273 si
783 3226 907 3289 perficitis
920 3227 989 3288 qued
997 3228 1048 3288 agi-

551 3294 590 3349 tis,
610 3309 650 3340 me
665 3294 702 3339 ad
716 3308 759 3339 aas
774 3294 862 3340 venire
878 3300 985 3354 oportet;
1006 3294 1047 3339 sin

549 3365 687 3407 autem—.

584 3438 607 3485 7.
633 3425 745 3488 Oppio:
775 3440 847 3487 upon
872 3425 980 3487 Oppius
1004 3440 1048 3473 see

552 3492 599 3554 Ep.
615 3492 703 3539 XXX.
718 3506 740 3538 2.
770 3492 863 3539 Cicero
876 3491 1048 3556 humorously

552 3573 687 3620 expresses
706 3558 731 3605 in
750 3566 850 3621 togam
869 3566 1047 3621 praetextam

552 3624 610 3672 texi
622 3624 667 3672 the
680 3623 749 3686 hope
762 3624 846 3673 which
860 3625 960 3688 Oppius
978 3624 1048 3672 cher-

550 3690 625 3739 ished
655 3690 684 3738 of
711 3692 832 3754 securing
860 3691 947 3754 public
975 3690 1048 3739 office

551 3756 665 3819 through
675 3756 720 3805 the
733 3758 860 3805 influence
870 3757 899 3805 of
910 3758 951 3805 his
962 3756 1048 3806 friend
