<?xml version="1.0" encoding="UTF-8"?>
<!DOCTYPE html PUBLIC "-//W3C//DTD XHTML 1.0 Transitional//EN"
    "http://www.w3.org/TR/xhtml1/DTD/xhtml1-transitional.dtd">
<html xmlns="http://www.w3.org/1999/xhtml" xml:lang="en" lang="en">
 <head>
  <title>
</title>
<meta http-equiv="Content-Type" content="text/html;charset=utf-8" />
  <meta name='ocr-system' content='tesseract 3.04.00' />
  <meta name='ocr-capabilities' content='ocr_page ocr_carea ocr_par ocr_line ocrx_word'/>
</head>
<body>
  <div class='ocr_page' id='page_1' title='image "./selectedletters00unkngoog_0311.png"; bbox 0 0 2575 4200; ppageno 0'>
   <div class='ocr_carea' id='block_1_1' title="bbox 25 234 1155 316">
    <p class='ocr_par' dir='ltr' id='par_1_1' title="bbox 25 234 1155 316">
     <span class='ocr_line' id='line_1_1' title="bbox 25 234 1155 316; baseline 0.006 -17"><span class='ocrx_word' id='word_1_1' title='bbox 25 254 98 300; x_wconf 82' lang='lat' dir='ltr'>Fam.</span> <span class='ocrx_word' id='word_1_2' title='bbox 114 267 137 313; x_wconf 83' lang='grc'>4.</span> <span class='ocrx_word' id='word_1_3' title='bbox 151 252 188 316; x_wconf 79' lang='grc'>6,]</span> <span class='ocrx_word' id='word_1_4' title='bbox 1032 256 1083 306; x_wconf 84' lang='grc'>229</span> <span class='ocrx_word' id='word_1_5' title='bbox 1152 234 1155 238; x_wconf 23' lang='lat'>¹</span> 
     </span>
    </p>
   </div>
   <div class='ocr_carea' id='block_1_2' title="bbox 368 254 737 303">
    <p class='ocr_par' dir='ltr' id='par_1_2' title="bbox 368 254 737 303">
     <span class='ocr_line' id='line_1_2' title="bbox 368 254 737 303; baseline 0.003 -2"><span class='ocrx_word' id='word_1_6' title='bbox 368 254 389 302; x_wconf 92' lang='lat' dir='ltr'>C</span> <span class='ocrx_word' id='word_1_7' title='bbox 395 254 547 303; x_wconf 87' lang='lat' dir='ltr'>lCERO&#39;S&#39;</span> <span class='ocrx_word' id='word_1_8' title='bbox 563 255 737 303; x_wconf 89' lang='lat' dir='ltr'><strong>LETTERS.</strong></span> 
     </span>
    </p>
   </div>
   <div class='ocr_carea' id='block_1_3' title="bbox 24 422 1117 2672">
    <p class='ocr_par' dir='ltr' id='par_1_3' title="bbox 24 422 1117 2672">
     <span class='ocr_line' id='line_1_3' title="bbox 26 422 1082 505; baseline 0.003 -23"><span class='ocrx_word' id='word_1_9' title='bbox 26 430 158 483; x_wconf 87' lang='lat' dir='ltr'>namet</span> <span class='ocrx_word' id='word_1_10' title='bbox 181 442 221 483; x_wconf 91' lang='lat' dir='ltr'>ea</span> <span class='ocrx_word' id='word_1_11' title='bbox 241 422 404 503; x_wconf 87' lang='lat' dir='ltr'>scripsisti</span> <span class='ocrx_word' id='word_1_12' title='bbox 422 443 507 505; x_wconf 92' lang='lat' dir='ltr'>quae</span> <span class='ocrx_word' id='word_1_13' title='bbox 532 423 642 485; x_wconf 90' lang='lat' dir='ltr'>levare</span> <span class='ocrx_word' id='word_1_14' title='bbox 667 423 797 485; x_wconf 90' lang='lat' dir='ltr'>luctum</span> <span class='ocrx_word' id='word_1_15' title='bbox 821 432 970 504; x_wconf 89' lang='lat' dir='ltr'>possent,</span> <span class='ocrx_word' id='word_1_16' title='bbox 990 431 1024 485; x_wconf 91' lang='lat' dir='ltr'>et</span> <span class='ocrx_word' id='word_1_17' title='bbox 1048 423 1082 485; x_wconf 91' lang='lat' dir='ltr'>in</span> 
     </span>
     <span class='ocr_line' id='line_1_4' title="bbox 24 530 1083 612; baseline 0.004 -21"><span class='ocrx_word' id='word_1_18' title='bbox 24 550 79 591; x_wconf 90' lang='lat' dir='ltr'>me</span> <span class='ocrx_word' id='word_1_19' title='bbox 98 530 308 593; x_wconf 90' lang='lat' dir='ltr'>consolando</span> <span class='ocrx_word' id='word_1_20' title='bbox 330 550 398 593; x_wconf 93' lang='lat' dir='ltr'>non</span> <span class='ocrx_word' id='word_1_21' title='bbox 424 530 625 594; x_wconf 87' lang='lat' dir='ltr'>mediocrem</span> <span class='ocrx_word' id='word_1_22' title='bbox 651 531 721 612; x_wconf 89' lang='lat' dir='ltr'>ipsc</span> <span class='ocrx_word' id='word_1_23' title='bbox 745 530 847 593; x_wconf 92' lang='lat' dir='ltr'>animi</span> <span class='ocrx_word' id='word_1_24' title='bbox 865 531 1012 595; x_wconf 90' lang='lat' dir='ltr'>dolorem</span> <span class='ocrx_word' id='word_1_25' title='bbox 1029 532 1083 595; x_wconf 90' lang='lat' dir='ltr'>ad-</span> 
     </span>
     <span class='ocr_line' id='line_1_5' title="bbox 25 638 1083 723; baseline 0.002 -24"><span class='ocrx_word' id='word_1_26' title='bbox 25 638 179 701; x_wconf 89' lang='lat' dir='ltr'>hibuisti.</span> <span class='ocrx_word' id='word_1_27' title='bbox 231 638 368 702; x_wconf 89' lang='lat' dir='ltr'>Servius</span> <span class='ocrx_word' id='word_1_28' title='bbox 386 648 499 702; x_wconf 91' lang='lat' dir='ltr'>tamen</span> <span class='ocrx_word' id='word_1_29' title='bbox 517 648 597 702; x_wconf 93' lang='lat' dir='ltr'>tuus</span> <span class='ocrx_word' id='word_1_30' title='bbox 614 639 771 702; x_wconf 90' lang='lat' dir='ltr'>omnibus</span> <span class='ocrx_word' id='word_1_31' title='bbox 788 638 916 714; x_wconf 89' lang='lat' dir='ltr'>officiis,</span> <span class='ocrx_word' id='word_1_32' title='bbox 934 660 1019 723; x_wconf 87' lang='lat' dir='ltr'>quae</span> <span class='ocrx_word' id='word_1_33' title='bbox 1036 640 1083 702; x_wconf 92' lang='lat' dir='ltr'>illi</span> 
     </span>
     <span class='ocr_line' id='line_1_6' title="bbox 24 746 1082 831; baseline 0.003 -23"><span class='ocrx_word' id='word_1_34' title='bbox 24 746 176 828; x_wconf 86' lang='lat' dir='ltr'>tempori</span> <span class='ocrx_word' id='word_1_35' title='bbox 193 747 295 809; x_wconf 90' lang='lat' dir='ltr'>tribui</span> <span class='ocrx_word' id='word_1_36' title='bbox 316 756 508 829; x_wconf 91' lang='lat' dir='ltr'>potuerunt,</span> <span class='ocrx_word' id='word_1_37' title='bbox 528 746 709 810; x_wconf 86' lang='lat' dir='ltr'>declaravit</span> <span class='ocrx_word' id='word_1_38' title='bbox 735 755 768 809; x_wconf 89' lang='lat' dir='ltr'>ct</span> <span class='ocrx_word' id='word_1_39' title='bbox 792 749 910 830; x_wconf 89' lang='lat' dir='ltr'>quanti</span> <span class='ocrx_word' id='word_1_40' title='bbox 932 747 1005 831; x_wconf 92' lang='lat' dir='ltr'>ipse</span> <span class='ocrx_word' id='word_1_41' title='bbox 1028 768 1082 811; x_wconf 92' lang='lat' dir='ltr'>me</span> 
     </span>
     <span class='ocr_line' id='line_1_7' title="bbox 24 854 1083 937; baseline 0.002 -21"><span class='ocrx_word' id='word_1_42' title='bbox 24 854 157 917; x_wconf 84' lang='lat' dir='ltr'>faceret</span> <span class='ocrx_word' id='word_1_43' title='bbox 191 863 226 917; x_wconf 92' lang='lat' dir='ltr'>et</span> <span class='ocrx_word' id='word_1_44' title='bbox 255 875 353 936; x_wconf 92' lang='lat' dir='ltr'>quam</span> <span class='ocrx_word' id='word_1_45' title='bbox 384 875 481 923; x_wconf 90' lang='lat' dir='ltr'>suum</span> <span class='ocrx_word' id='word_1_46' title='bbox 514 855 615 919; x_wconf 85' lang='lat' dir='ltr'>talem</span> <span class='ocrx_word' id='word_1_47' title='bbox 649 874 729 937; x_wconf 87' lang='lat' dir='ltr'>erga</span> <span class='ocrx_word' id='word_1_48' title='bbox 760 875 813 918; x_wconf 91' lang='lat' dir='ltr'>me</span> <span class='ocrx_word' id='word_1_49' title='bbox 845 856 993 919; x_wconf 92' lang='lat' dir='ltr'>animum</span> <span class='ocrx_word' id='word_1_50' title='bbox 1020 856 1083 920; x_wconf 91' lang='lat' dir='ltr'>tibi</span> 
     </span>
     <span class='ocr_line' id='line_1_8' title="bbox 26 962 1082 1045; baseline 0.003 -21"><span class='ocrx_word' id='word_1_51' title='bbox 26 972 164 1044; x_wconf 84' lang='lat' dir='ltr'>gratum</span> <span class='ocrx_word' id='word_1_52' title='bbox 182 972 316 1045; x_wconf 92' lang='lat' dir='ltr'>putaret</span> <span class='ocrx_word' id='word_1_53' title='bbox 333 963 416 1026; x_wconf 82' lang='lat' dir='ltr'>fore.</span> <span class='ocrx_word' id='word_1_54' title='bbox 468 962 573 1027; x_wconf 90' lang='lat' dir='ltr'>Cuius</span> <span class='ocrx_word' id='word_1_55' title='bbox 598 962 708 1027; x_wconf 89' lang='lat' dir='ltr'>officia</span> <span class='ocrx_word' id='word_1_56' title='bbox 731 963 929 1028; x_wconf 90' lang='lat' dir='ltr'>iucundiora</span> <span class='ocrx_word' id='word_1_57' title='bbox 953 964 1082 1029; x_wconf 91' lang='lat' dir='ltr'>scilicet</span> 
     </span>
     <span class='ocr_line' id='line_1_9' title="bbox 26 1072 1082 1155; baseline 0.003 -22"><span class='ocrx_word' id='word_1_58' title='bbox 26 1093 131 1154; x_wconf 82' lang='lat' dir='ltr'>saepe</span> <span class='ocrx_word' id='word_1_59' title='bbox 160 1072 242 1135; x_wconf 91' lang='lat' dir='ltr'>mihi</span> <span class='ocrx_word' id='word_1_60' title='bbox 270 1072 418 1147; x_wconf 82' lang='lat' dir='ltr'>fuerunt,</span> <span class='ocrx_word' id='word_1_61' title='bbox 449 1091 630 1154; x_wconf 91' lang='lat' dir='ltr'>numquam</span> <span class='ocrx_word' id='word_1_62' title='bbox 664 1081 777 1135; x_wconf 87' lang='lat' dir='ltr'>tamen</span> <span class='ocrx_word' id='word_1_63' title='bbox 810 1073 963 1155; x_wconf 84' lang='lat' dir='ltr'>gratiora.</span> <span class='ocrx_word' id='word_1_64' title='bbox 1025 1074 1082 1136; x_wconf 93' lang='lat' dir='ltr'>Me</span> 
     </span>
     <span class='ocr_line' id='line_1_10' title="bbox 28 1180 1083 1263; baseline 0.002 -21"><span class='ocrx_word' id='word_1_65' title='bbox 28 1191 145 1243; x_wconf 90' lang='lat' dir='ltr'>autem</span> <span class='ocrx_word' id='word_1_66' title='bbox 163 1201 231 1243; x_wconf 92' lang='lat' dir='ltr'>non</span> <span class='ocrx_word' id='word_1_67' title='bbox 249 1180 356 1243; x_wconf 89' lang='lat' dir='ltr'>oratio</span> <span class='ocrx_word' id='word_1_68' title='bbox 373 1190 431 1243; x_wconf 89' lang='lat' dir='ltr'>tua</span> <span class='ocrx_word' id='word_1_69' title='bbox 448 1180 556 1243; x_wconf 90' lang='lat' dir='ltr'>solum</span> <span class='ocrx_word' id='word_1_70' title='bbox 582 1189 616 1243; x_wconf 88' lang='lat' dir='ltr'>et</span> <span class='ocrx_word' id='word_1_71' title='bbox 641 1180 785 1243; x_wconf 88' lang='lat' dir='ltr'>societas</span> <span class='ocrx_word' id='word_1_72' title='bbox 809 1200 916 1262; x_wconf 87' lang='lat' dir='ltr'>paene</span> <span class='ocrx_word' id='word_1_73' title='bbox 940 1181 1083 1263; x_wconf 88' lang='lat' dir='ltr'>aegritu-</span> 
     </span>
     <span class='ocr_line' id='line_1_11' title="bbox 28 1288 1083 1369; baseline 0.004 -20"><span class='ocrx_word' id='word_1_74' title='bbox 28 1289 129 1364; x_wconf 71' lang='lat' dir='ltr'>dinis</span> <span class='ocrx_word' id='word_1_75' title='bbox 149 1289 210 1353; x_wconf 89' lang='lat' dir='ltr'>sed</span> <span class='ocrx_word' id='word_1_76' title='bbox 227 1289 330 1351; x_wconf 92' lang='lat' dir='ltr'>etiam</span> <span class='ocrx_word' id='word_1_77' title='bbox 347 1288 529 1352; x_wconf 87' lang='lat' dir='ltr'>auctoritas</span> <span class='ocrx_word' id='word_1_78' title='bbox 547 1288 759 1364; x_wconf 90' lang='lat' dir='ltr'>consolatur;</span> <span class='ocrx_word' id='word_1_79' title='bbox 784 1297 883 1369; x_wconf 91' lang='lat' dir='ltr'>turpe</span> <span class='ocrx_word' id='word_1_80' title='bbox 900 1290 990 1351; x_wconf 89' lang='lat' dir='ltr'>enim</span> <span class='ocrx_word' id='word_1_81' title='bbox 1007 1310 1083 1353; x_wconf 88' lang='lat' dir='ltr'>esse</span> 
     </span>
     <span class='ocr_line' id='line_1_12' title="bbox 31 1397 1083 1473; baseline 0 -14"><span class='ocrx_word' id='word_1_82' title='bbox 31 1397 190 1461; x_wconf 84' lang='lat' dir='ltr'>existimo</span> <span class='ocrx_word' id='word_1_83' title='bbox 217 1417 271 1460; x_wconf 91' lang='lat' dir='ltr'>me</span> <span class='ocrx_word' id='word_1_84' title='bbox 297 1418 365 1460; x_wconf 92' lang='lat' dir='ltr'>non</span> <span class='ocrx_word' id='word_1_85' title='bbox 392 1398 439 1459; x_wconf 90' lang='lat' dir='ltr'>ita</span> <span class='ocrx_word' id='word_1_86' title='bbox 467 1397 557 1459; x_wconf 86' lang='lat' dir='ltr'>ferre</span> <span class='ocrx_word' id='word_1_87' title='bbox 590 1417 703 1460; x_wconf 92' lang='lat' dir='ltr'>casum</span> <span class='ocrx_word' id='word_1_88' title='bbox 738 1417 849 1460; x_wconf 93' lang='lat' dir='ltr'>meum</span> <span class='ocrx_word' id='word_1_89' title='bbox 881 1406 918 1459; x_wconf 91' lang='lat' dir='ltr'>ut</span> <span class='ocrx_word' id='word_1_90' title='bbox 951 1407 998 1473; x_wconf 92' lang='lat' dir='ltr'>tu,</span> <span class='ocrx_word' id='word_1_91' title='bbox 1024 1398 1083 1461; x_wconf 90' lang='lat' dir='ltr'>tali</span> 
     </span>
     <span class='ocr_line' id='line_1_13' title="bbox 30 1505 1084 1588; baseline 0.002 -21"><span class='ocrx_word' id='word_1_92' title='bbox 30 1506 198 1587; x_wconf 85' lang='lat' dir='ltr'>sapientia</span> <span class='ocrx_word' id='word_1_93' title='bbox 229 1505 412 1588; x_wconf 85' lang='lat' dir='ltr'>praeditus,</span> <span class='ocrx_word' id='word_1_94' title='bbox 441 1505 619 1568; x_wconf 87' lang='lat' dir='ltr'>ferendum</span> <span class='ocrx_word' id='word_1_95' title='bbox 649 1514 758 1586; x_wconf 83' lang='lat' dir='ltr'>putas</span> <span class='ocrx_word' id='word_1_96' title='bbox 819 1505 887 1569; x_wconf 89' lang='lat' dir='ltr'>Sed</span> <span class='ocrx_word' id='word_1_97' title='bbox 915 1506 1084 1587; x_wconf 90' lang='lat' dir='ltr'>opprimor</span> 
     </span>
     <span class='ocr_line' id='line_1_14' title="bbox 32 1612 1084 1696; baseline 0.004 -23"><span class='ocrx_word' id='word_1_98' title='bbox 32 1612 202 1677; x_wconf 91' lang='lat' dir='ltr'>interdum</span> <span class='ocrx_word' id='word_1_99' title='bbox 220 1622 254 1677; x_wconf 86' lang='lat' dir='ltr'>et</span> <span class='ocrx_word' id='word_1_100' title='bbox 270 1614 324 1677; x_wconf 88' lang='lat' dir='ltr'>vix</span> <span class='ocrx_word' id='word_1_101' title='bbox 342 1614 463 1677; x_wconf 88' lang='lat' dir='ltr'>resisto</span> <span class='ocrx_word' id='word_1_102' title='bbox 479 1613 595 1688; x_wconf 90' lang='lat' dir='ltr'>dolori,</span> <span class='ocrx_word' id='word_1_103' title='bbox 614 1614 703 1696; x_wconf 93' lang='lat' dir='ltr'>quod</span> <span class='ocrx_word' id='word_1_104' title='bbox 729 1634 768 1676; x_wconf 89' lang='lat' dir='ltr'>ea</span> <span class='ocrx_word' id='word_1_105' title='bbox 791 1634 845 1676; x_wconf 87' lang='lat' dir='ltr'>me</span> <span class='ocrx_word' id='word_1_106' title='bbox 868 1613 990 1677; x_wconf 89' lang='lat' dir='ltr'>solacia</span> <span class='ocrx_word' id='word_1_107' title='bbox 1006 1615 1084 1677; x_wconf 87' lang='lat' dir='ltr'>defi-</span> 
     </span>
     <span class='ocr_line' id='line_1_15' title="bbox 33 1721 1081 1807; baseline 0.002 -24"><span class='ocrx_word' id='word_1_108' title='bbox 33 1721 127 1786; x_wconf 91' lang='lat' dir='ltr'>ciunt</span> <span class='ocrx_word' id='word_1_109' title='bbox 160 1743 247 1807; x_wconf 88' lang='lat' dir='ltr'>quae</span> <span class='ocrx_word' id='word_1_110' title='bbox 278 1722 411 1797; x_wconf 90' lang='lat' dir='ltr'>ceteris,</span> <span class='ocrx_word' id='word_1_111' title='bbox 446 1742 586 1804; x_wconf 92' lang='lat' dir='ltr'>quorum</span> <span class='ocrx_word' id='word_1_112' title='bbox 619 1721 703 1783; x_wconf 92' lang='lat' dir='ltr'>mihi</span> <span class='ocrx_word' id='word_1_113' title='bbox 735 1722 887 1803; x_wconf 87' lang='lat' dir='ltr'>exempla</span> <span class='ocrx_word' id='word_1_114' title='bbox 921 1742 1081 1804; x_wconf 91' lang='lat' dir='ltr'>propono,</span> 
     </span>
     <span class='ocr_line' id='line_1_16' title="bbox 35 1830 1084 1928; baseline 0.003 -38"><span class='ocrx_word' id='word_1_115' title='bbox 35 1830 133 1892; x_wconf 91' lang='lat' dir='ltr'>simili</span> <span class='ocrx_word' id='word_1_116' title='bbox 151 1831 186 1894; x_wconf 95' lang='lat' dir='ltr'>in</span> <span class='ocrx_word' id='word_1_117' title='bbox 202 1831 341 1895; x_wconf 85' lang='lat' dir='ltr'>fortuna</span> <span class='ocrx_word' id='word_1_118' title='bbox 356 1851 424 1893; x_wconf 93' lang='lat' dir='ltr'>non</span> <span class='ocrx_word' id='word_1_119' title='bbox 442 1830 632 1894; x_wconf 82' lang='lat' dir='ltr'>defuerunt.</span> <span class='ocrx_word' id='word_1_120' title='bbox 684 1830 771 1892; x_wconf 93' lang='lat' dir='ltr'>Nam</span> <span class='ocrx_word' id='word_1_121' title='bbox 789 1839 823 1892; x_wconf 92' lang='lat' dir='ltr'>et</span> <span class='ocrx_word' id='word_1_122' title='bbox 842 1830 884 1911; x_wconf 82' lang='lat' dir='ltr'>Q.</span> <span class='ocrx_word' id='word_1_123' title='bbox 899 1831 1084 1928; x_wconf 71' lang='lat' dir='ltr'>Maximus</span> 
     </span>
     <span class='ocr_line' id='line_1_17' title="bbox 36 1928 1084 2020; baseline 0.003 -21"><span class='ocrx_word' id='word_1_124' title='bbox 36 1939 89 2019; x_wconf 92' lang='lat' dir='ltr'>qui</span> <span class='ocrx_word' id='word_1_125' title='bbox 114 1939 219 2003; x_wconf 88' lang='lat' dir='ltr'>filium</span> <span class='ocrx_word' id='word_1_126' title='bbox 246 1928 466 2014; x_wconf 80' lang='lat' dir='ltr'>consularem,</span> <span class='ocrx_word' id='word_1_127' title='bbox 486 1938 611 2002; x_wconf 91' lang='lat' dir='ltr'>clarum</span> <span class='ocrx_word' id='word_1_128' title='bbox 636 1939 744 2000; x_wconf 91' lang='lat' dir='ltr'>virum</span> <span class='ocrx_word' id='word_1_129' title='bbox 770 1948 803 2001; x_wconf 88' lang='lat' dir='ltr'>et</span> <span class='ocrx_word' id='word_1_130' title='bbox 828 1938 959 2020; x_wconf 88' lang='lat' dir='ltr'>magnis</span> <span class='ocrx_word' id='word_1_131' title='bbox 985 1940 1084 2002; x_wconf 93' lang='lat' dir='ltr'>rebus</span> 
     </span>
     <span class='ocr_line' id='line_1_18' title="bbox 36 2046 1084 2129; baseline 0.001 -20"><span class='ocrx_word' id='word_1_132' title='bbox 36 2048 150 2128; x_wconf 78' lang='lat' dir='ltr'>gestiS,</span> <span class='ocrx_word' id='word_1_133' title='bbox 170 2048 292 2124; x_wconf 89' lang='lat' dir='ltr'>amisit,</span> <span class='ocrx_word' id='word_1_134' title='bbox 311 2057 345 2111; x_wconf 92' lang='lat' dir='ltr'>et</span> <span class='ocrx_word' id='word_1_135' title='bbox 366 2048 403 2112; x_wconf 89' lang='lat' dir='ltr'>L.</span> <span class='ocrx_word' id='word_1_136' title='bbox 425 2046 567 2122; x_wconf 73' lang='lat' dir='ltr'>Paullus</span> <span class='ocrx_word' id='word_1_137' title='bbox 587 2047 643 2129; x_wconf 88' lang='lat' dir='ltr'>qui</span> <span class='ocrx_word' id='word_1_138' title='bbox 660 2047 725 2110; x_wconf 94' lang='lat' dir='ltr'>duo</span> <span class='ocrx_word' id='word_1_139' title='bbox 751 2057 880 2128; x_wconf 90' lang='lat' dir='ltr'>septem</span> <span class='ocrx_word' id='word_1_140' title='bbox 903 2047 1031 2122; x_wconf 91' lang='lat' dir='ltr'>diebus,</span> <span class='ocrx_word' id='word_1_141' title='bbox 1050 2056 1084 2110; x_wconf 92' lang='lat' dir='ltr'>et</span> 
     </span>
     <span class='ocr_line' id='line_1_19' title="bbox 37 2155 1085 2238; baseline 0.002 -21"><span class='ocrx_word' id='word_1_142' title='bbox 37 2166 146 2220; x_wconf 91' lang='lat' dir='ltr'>vester</span> <span class='ocrx_word' id='word_1_143' title='bbox 172 2157 286 2232; x_wconf 91' lang='lat' dir='ltr'>Galus,</span> <span class='ocrx_word' id='word_1_144' title='bbox 305 2166 338 2220; x_wconf 89' lang='lat' dir='ltr'>ct</span> <span class='ocrx_word' id='word_1_145' title='bbox 365 2157 411 2219; x_wconf 90' lang='lat' dir='ltr'>M.</span> <span class='ocrx_word' id='word_1_146' title='bbox 437 2155 532 2229; x_wconf 90' lang='lat' dir='ltr'>Cato,</span> <span class='ocrx_word' id='word_1_147' title='bbox 551 2156 609 2238; x_wconf 92' lang='lat' dir='ltr'>qui</span> <span class='ocrx_word' id='word_1_148' title='bbox 634 2176 764 2218; x_wconf 90' lang='lat' dir='ltr'>summo</span> <span class='ocrx_word' id='word_1_149' title='bbox 790 2156 935 2237; x_wconf 87' lang='lat' dir='ltr'>ingeni0,</span> <span class='ocrx_word' id='word_1_150' title='bbox 955 2177 1085 2219; x_wconf 92' lang='lat' dir='ltr'>summa</span> 
     </span>
     <span class='ocr_line' id='line_1_20' title="bbox 36 2263 1083 2347; baseline 0.003 -23"><span class='ocrx_word' id='word_1_151' title='bbox 36 2264 159 2328; x_wconf 88' lang='lat' dir='ltr'>virtute</span> <span class='ocrx_word' id='word_1_152' title='bbox 175 2266 280 2328; x_wconf 90' lang='lat' dir='ltr'>filium</span> <span class='ocrx_word' id='word_1_153' title='bbox 298 2265 452 2347; x_wconf 91' lang='lat' dir='ltr'>perdidit,</span> <span class='ocrx_word' id='word_1_154' title='bbox 472 2265 512 2327; x_wconf 90' lang='lat' dir='ltr'>iis</span> <span class='ocrx_word' id='word_1_155' title='bbox 537 2264 744 2345; x_wconf 87' lang='lat' dir='ltr'>temporibus</span> <span class='ocrx_word' id='word_1_156' title='bbox 759 2263 897 2326; x_wconf 80' lang='lat' dir='ltr'>fuerunt</span> <span class='ocrx_word' id='word_1_157' title='bbox 915 2273 952 2326; x_wconf 92' lang='lat' dir='ltr'>ut</span> <span class='ocrx_word' id='word_1_158' title='bbox 970 2284 1083 2327; x_wconf 90' lang='lat' dir='ltr'>eorum</span> 
     </span>
     <span class='ocr_line' id='line_1_21' title="bbox 38 2371 1085 2455; baseline 0.003 -24"><span class='ocrx_word' id='word_1_159' title='bbox 38 2371 162 2436; x_wconf 91' lang='lat' dir='ltr'>luctum</span> <span class='ocrx_word' id='word_1_160' title='bbox 190 2375 338 2455; x_wconf 87' lang='lat' dir='ltr'>ipsorum</span> <span class='ocrx_word' id='word_1_161' title='bbox 365 2373 510 2454; x_wconf 86' lang='lat' dir='ltr'>dignitas</span> <span class='ocrx_word' id='word_1_162' title='bbox 540 2373 771 2435; x_wconf 89' lang='lat' dir='ltr'>consolaretur</span> <span class='ocrx_word' id='word_1_163' title='bbox 797 2393 836 2435; x_wconf 91' lang='lat' dir='ltr'>ea</span> <span class='ocrx_word' id='word_1_164' title='bbox 860 2393 958 2454; x_wconf 90' lang='lat' dir='ltr'>quam</span> <span class='ocrx_word' id='word_1_165' title='bbox 984 2393 1024 2434; x_wconf 87' lang='lat' dir='ltr'>ex</span> <span class='ocrx_word' id='word_1_166' title='bbox 1049 2393 1085 2435; x_wconf 91' lang='lat' dir='ltr'>re</span> 
     </span>
     <span class='ocr_line' id='line_1_22' title="bbox 38 2480 1117 2564; baseline 0 -21"><span class='ocrx_word' id='word_1_167' title='bbox 38 2481 171 2560; x_wconf 61' lang='lat' dir='ltr'>publica.</span> <span class='ocrx_word' id='word_1_168' title='bbox 200 2482 503 2564; x_wconf 83' lang='lat' dir='ltr'>consequebantur.</span> <span class='ocrx_word' id='word_1_169' title='bbox 570 2480 654 2542; x_wconf 89' lang='lat' dir='ltr'>Mihi</span> <span class='ocrx_word' id='word_1_170' title='bbox 684 2489 798 2542; x_wconf 87' lang='lat' dir='ltr'>autem</span> <span class='ocrx_word' id='word_1_171' title='bbox 830 2481 959 2543; x_wconf 89' lang='lat' dir='ltr'>amissis</span> <span class='ocrx_word' id='word_1_172' title='bbox 991 2501 1117 2544; x_wconf 88' lang='lat' dir='ltr'>orna-2</span> 
     </span>
     <span class='ocr_line' id='line_1_23' title="bbox 39 2571 1084 2672; baseline 0.001 -22"><span class='ocrx_word' id='word_1_173' title='bbox 39 2591 158 2653; x_wconf 87' lang='lat' dir='ltr'>mentis</span> <span class='ocrx_word' id='word_1_174' title='bbox 176 2590 217 2654; x_wconf 89' lang='lat' dir='ltr'>iis</span> <span class='ocrx_word' id='word_1_175' title='bbox 234 2610 319 2672; x_wconf 91' lang='lat' dir='ltr'>quae</span> <span class='ocrx_word' id='word_1_176' title='bbox 340 2591 411 2672; x_wconf 88' lang='lat' dir='ltr'>ipse</span> <span class='ocrx_word' id='word_1_177' title='bbox 437 2608 678 2653; x_wconf 91' lang='lat' dir='ltr'>commemoras</span> <span class='ocrx_word' id='word_1_178' title='bbox 695 2608 846 2670; x_wconf 90' lang='lat' dir='ltr'>quaeque</span> <span class='ocrx_word' id='word_1_179' title='bbox 871 2571 961 2650; x_wconf 90' lang='lat' dir='ltr'>eram</span> <span class='ocrx_word' id='word_1_180' title='bbox 987 2590 1084 2651; x_wconf 85' lang='lat' dir='ltr'>maxi-</span> 
     </span>
    </p>
   </div>
   <div class='ocr_carea' id='block_1_4' title="bbox 38 2730 534 3328">
    <p class='ocr_par' dir='ltr' id='par_1_4' title="bbox 38 2730 534 3328">
     <span class='ocr_line' id='line_1_24' title="bbox 39 2730 533 2794; baseline 0 -17"><span class='ocrx_word' id='word_1_181' title='bbox 39 2730 145 2781; x_wconf 88' lang='lat' dir='ltr'>theson</span> <span class='ocrx_word' id='word_1_182' title='bbox 165 2731 193 2780; x_wconf 79' lang='lat' dir='ltr'>of</span> <span class='ocrx_word' id='word_1_183' title='bbox 212 2730 533 2794; x_wconf 86' lang='lat' dir='ltr'>Sulpicius—iucundi-</span> 
     </span>
     <span class='ocr_line' id='line_1_25' title="bbox 39 2798 531 2861; baseline -0.002 -17"><span class='ocrx_word' id='word_1_184' title='bbox 39 2811 93 2856; x_wconf 88' lang='lat' dir='ltr'>ora,</span> <span class='ocrx_word' id='word_1_185' title='bbox 113 2816 182 2848; x_wconf 83' lang='lat' dir='ltr'>more</span> <span class='ocrx_word' id='word_1_186' title='bbox 195 2800 347 2860; x_wconf 72' lang='lat' dir='ltr'>productim</span> <span class='ocrx_word' id='word_1_187' title='bbox 364 2798 531 2861; x_wconf 83' lang='lat' dir='ltr'>ofpleasurc.</span> 
     </span>
     <span class='ocr_line' id='line_1_26' title="bbox 40 2864 533 2928; baseline 0 -16"><span class='ocrx_word' id='word_1_188' title='bbox 40 2890 69 2898; x_wconf 77' lang='lat'>—</span> <span class='ocrx_word' id='word_1_189' title='bbox 79 2865 212 2928; x_wconf 87' lang='lat' dir='ltr'>gratiora,</span> <span class='ocrx_word' id='word_1_190' title='bbox 227 2881 296 2912; x_wconf 82' lang='lat' dir='ltr'>more</span> <span class='ocrx_word' id='word_1_191' title='bbox 313 2865 413 2926; x_wconf 82' lang='lat' dir='ltr'>worthy</span> <span class='ocrx_word' id='word_1_192' title='bbox 425 2864 456 2927; x_wconf 87' lang='lat' dir='ltr'>of</span> <span class='ocrx_word' id='word_1_193' title='bbox 463 2871 533 2926; x_wconf 82' lang='lat' dir='ltr'>grat-</span> 
     </span>
     <span class='ocr_line' id='line_1_27' title="bbox 40 2931 532 2995; baseline 0.006 -21"><span class='ocrx_word' id='word_1_194' title='bbox 40 2931 103 2978; x_wconf 85' lang='lat' dir='ltr'>itude</span> <span class='ocrx_word' id='word_1_195' title='bbox 110 2948 121 2990; x_wconf 78' lang='lat'>,¹</span> <span class='ocrx_word' id='word_1_196' title='bbox 141 2932 173 2980; x_wconf 81' lang='lat' dir='ltr'>cf.</span> <span class='ocrx_word' id='word_1_197' title='bbox 186 2935 239 2979; x_wconf 76' lang='lat' dir='ltr'>Ati.</span> <span class='ocrx_word' id='word_1_198' title='bbox 253 2943 276 2995; x_wconf 87' lang='lat'>3.</span> <span class='ocrx_word' id='word_1_199' title='bbox 290 2945 328 2990; x_wconf 84' lang='lat'>24.</span> <span class='ocrx_word' id='word_1_200' title='bbox 343 2945 356 2978; x_wconf 88' lang='lat'><em>2</em></span> <span class='ocrx_word' id='word_1_201' title='bbox 370 2931 417 2978; x_wconf 81' lang='lat' dir='ltr'>ista</span> <span class='ocrx_word' id='word_1_202' title='bbox 429 2932 532 2984; x_wconf 81' lang='lat' dir='ltr'>veritos,</span> 
     </span>
     <span class='ocr_line' id='line_1_28' title="bbox 40 2998 533 3054; baseline 0.004 -13"><span class='ocrx_word' id='word_1_203' title='bbox 40 2999 108 3046; x_wconf 79' lang='lat' dir='ltr'>ctiam</span> <span class='ocrx_word' id='word_1_204' title='bbox 114 3001 139 3045; x_wconf 88' lang='lat' dir='ltr'>si</span> <span class='ocrx_word' id='word_1_205' title='bbox 144 2999 259 3046; x_wconf 84' lang='lat' dir='ltr'>iucunda</span> <span class='ocrx_word' id='word_1_206' title='bbox 266 3014 317 3045; x_wconf 84' lang='lat' dir='ltr'>non</span> <span class='ocrx_word' id='word_1_207' title='bbox 322 3004 365 3054; x_wconf 86' lang='lat' dir='ltr'>est,</span> <span class='ocrx_word' id='word_1_208' title='bbox 373 2998 442 3044; x_wconf 79' lang='lat' dir='ltr'>milri</span> <span class='ocrx_word' id='word_1_209' title='bbox 447 3004 533 3044; x_wconf 72' lang='lat' dir='ltr'>tanuen</span> 
     </span>
     <span class='ocr_line' id='line_1_29' title="bbox 38 3062 533 3122; baseline -0.004 -10"><span class='ocrx_word' id='word_1_210' title='bbox 38 3072 108 3122; x_wconf 78' lang='lat' dir='ltr'>grata</span> <span class='ocrx_word' id='word_1_211' title='bbox 118 3072 160 3112; x_wconf 85' lang='lat' dir='ltr'>est.</span> <span class='ocrx_word' id='word_1_212' title='bbox 169 3092 203 3099; x_wconf 99' lang='lat'><em>-</em></span> <span class='ocrx_word' id='word_1_213' title='bbox 211 3064 349 3112; x_wconf 82' lang='lat' dir='ltr'>societas:</span> <span class='ocrx_word' id='word_1_214' title='bbox 362 3063 395 3112; x_wconf 81' lang='lat' dir='ltr'>cf.</span> <span class='ocrx_word' id='word_1_215' title='bbox 405 3062 533 3111; x_wconf 88' lang='lat' dir='ltr'>Servius’s</span> 
     </span>
     <span class='ocr_line' id='line_1_30' title="bbox 42 3130 532 3193; baseline 0.002 -18"><span class='ocrx_word' id='word_1_216' title='bbox 42 3132 186 3192; x_wconf 88' lang='lat' dir='ltr'>expression</span> <span class='ocrx_word' id='word_1_217' title='bbox 205 3131 234 3178; x_wconf 78' lang='lat' dir='ltr'>of</span> <span class='ocrx_word' id='word_1_218' title='bbox 251 3130 372 3193; x_wconf 89' lang='lat' dir='ltr'>personal</span> <span class='ocrx_word' id='word_1_219' title='bbox 391 3145 490 3178; x_wconf 85' lang='lat' dir='ltr'>sorrow</span> <span class='ocrx_word' id='word_1_220' title='bbox 507 3130 532 3176; x_wconf 91' lang='lat' dir='ltr'>in</span> 
     </span>
     <span class='ocr_line' id='line_1_31' title="bbox 44 3195 534 3258; baseline -0.008 -12"><span class='ocrx_word' id='word_1_221' title='bbox 44 3195 84 3258; x_wconf 87' lang='lat' dir='ltr'>Ep.</span> <span class='ocrx_word' id='word_1_222' title='bbox 104 3199 214 3246; x_wconf 84' lang='lat' dir='ltr'><strong>LXXV.</strong></span> <span class='ocrx_word' id='word_1_223' title='bbox 235 3197 381 3245; x_wconf 89' lang='lat' dir='ltr'>1.—mihi</span> <span class='ocrx_word' id='word_1_224' title='bbox 399 3195 534 3258; x_wconf 80' lang='lat' dir='ltr'>exempla</span> 
     </span>
     <span class='ocr_line' id='line_1_32' title="bbox 42 3263 533 3328; baseline -0.004 -18"><span class='ocrx_word' id='word_1_225' title='bbox 42 3276 180 3327; x_wconf 90' lang='lat' dir='ltr'>propono:</span> <span class='ocrx_word' id='word_1_226' title='bbox 195 3264 287 3328; x_wconf 72' lang='lat' dir='ltr'>ctfac,</span> <span class='ocrx_word' id='word_1_227' title='bbox 298 3271 355 3321; x_wconf 85' lang='lat' dir='ltr'>etc,</span> <span class='ocrx_word' id='word_1_228' title='bbox 366 3264 413 3326; x_wconf 89' lang='lat' dir='ltr'>Ep.</span> <span class='ocrx_word' id='word_1_229' title='bbox 422 3263 533 3310; x_wconf 89' lang='lat' dir='ltr'>LXXV.</span> 
     </span>
    </p>
   </div>
   <div class='ocr_carea' id='block_1_5' title="bbox 586 2728 1085 3325">
    <p class='ocr_par' dir='ltr' id='par_1_5' title="bbox 586 2728 1085 3325">
     <span class='ocr_line' id='line_1_33' title="bbox 587 2728 1084 2792; baseline 0 -14"><span class='ocrx_word' id='word_1_230' title='bbox 587 2729 670 2778; x_wconf 87' lang='lat' dir='ltr'>Galus</span> <span class='ocrx_word' id='word_1_231' title='bbox 682 2728 831 2792; x_wconf 89' lang='lat' dir='ltr'>conquered</span> <span class='ocrx_word' id='word_1_232' title='bbox 846 2729 891 2777; x_wconf 89' lang='lat' dir='ltr'>the</span> <span class='ocrx_word' id='word_1_233' title='bbox 909 2729 1046 2791; x_wconf 85' lang='lat' dir='ltr'>Ligurians</span> <span class='ocrx_word' id='word_1_234' title='bbox 1057 2731 1084 2778; x_wconf 90' lang='lat' dir='ltr'>in</span> 
     </span>
     <span class='ocr_line' id='line_1_34' title="bbox 588 2794 1085 2858; baseline 0.004 -16"><span class='ocrx_word' id='word_1_235' title='bbox 588 2794 635 2844; x_wconf 87' lang='lat'>166</span> <span class='ocrx_word' id='word_1_236' title='bbox 646 2807 696 2843; x_wconf 68' lang='lat' dir='ltr'>uc.</span> <span class='ocrx_word' id='word_1_237' title='bbox 733 2796 776 2843; x_wconf 87' lang='lat' dir='ltr'>He</span> <span class='ocrx_word' id='word_1_238' title='bbox 788 2795 918 2858; x_wconf 88' lang='lat' dir='ltr'>belonged</span> <span class='ocrx_word' id='word_1_239' title='bbox 931 2804 959 2844; x_wconf 92' lang='lat' dir='ltr'>to</span> <span class='ocrx_word' id='word_1_240' title='bbox 972 2796 1017 2845; x_wconf 88' lang='lat' dir='ltr'>the</span> <span class='ocrx_word' id='word_1_241' title='bbox 1030 2798 1085 2846; x_wconf 91' lang='lat' dir='ltr'>Sul-</span> 
     </span>
     <span class='ocr_line' id='line_1_35' title="bbox 586 2861 1083 2925; baseline 0.002 -15"><span class='ocrx_word' id='word_1_242' title='bbox 586 2863 671 2925; x_wconf 90' lang='lat' dir='ltr'>pician</span> <span class='ocrx_word' id='word_1_243' title='bbox 688 2877 760 2924; x_wconf 77' lang='lat' dir='ltr'>gens,</span> <span class='ocrx_word' id='word_1_244' title='bbox 778 2861 860 2910; x_wconf 88' lang='lat' dir='ltr'>hence</span> <span class='ocrx_word' id='word_1_245' title='bbox 883 2871 1032 2911; x_wconf 83' lang='lat' dir='ltr'>vester.—</span> <span class='ocrx_word' id='word_1_246' title='bbox 1043 2865 1083 2911; x_wconf 89' lang='lat' dir='ltr'>M.</span> 
     </span>
     <span class='ocr_line' id='line_1_36' title="bbox 588 2929 1085 2988; baseline 0.002 -11"><span class='ocrx_word' id='word_1_247' title='bbox 588 2930 679 2978; x_wconf 83' lang='lat' dir='ltr'>Cato:</span> <span class='ocrx_word' id='word_1_248' title='bbox 699 2930 736 2975; x_wconf 92' lang='lat' dir='ltr'>M.</span> <span class='ocrx_word' id='word_1_249' title='bbox 751 2929 857 2977; x_wconf 90' lang='lat' dir='ltr'>Porcius</span> <span class='ocrx_word' id='word_1_250' title='bbox 876 2930 952 2988; x_wconf 87' lang='lat' dir='ltr'>Cato,</span> <span class='ocrx_word' id='word_1_251' title='bbox 968 2930 1013 2978; x_wconf 89' lang='lat' dir='ltr'>the</span> <span class='ocrx_word' id='word_1_252' title='bbox 1029 2945 1085 2978; x_wconf 92' lang='lat' dir='ltr'>cen-</span> 
     </span>
     <span class='ocr_line' id='line_1_37' title="bbox 586 2995 1083 3053; baseline -0.002 -9"><span class='ocrx_word' id='word_1_253' title='bbox 586 3011 637 3044; x_wconf 91' lang='lat' dir='ltr'>sor.</span> <span class='ocrx_word' id='word_1_254' title='bbox 674 2996 716 3042; x_wconf 90' lang='lat' dir='ltr'>On</span> <span class='ocrx_word' id='word_1_255' title='bbox 729 2995 804 3044; x_wconf 90' lang='lat' dir='ltr'>these</span> <span class='ocrx_word' id='word_1_256' title='bbox 815 2995 955 3053; x_wconf 87' lang='lat' dir='ltr'>instances,</span> <span class='ocrx_word' id='word_1_257' title='bbox 964 2996 997 3044; x_wconf 84' lang='lat' dir='ltr'>cf.</span> <span class='ocrx_word' id='word_1_258' title='bbox 1012 2998 1083 3045; x_wconf 90' lang='lat' dir='ltr'>Tusc.</span> 
     </span>
     <span class='ocr_line' id='line_1_38' title="bbox 586 3063 1085 3126; baseline 0 -16"><span class='ocrx_word' id='word_1_259' title='bbox 586 3063 662 3124; x_wconf 79' lang='lat' dir='ltr'>Disp.</span> <span class='ocrx_word' id='word_1_260' title='bbox 676 3075 697 3124; x_wconf 84' lang='lat'>3.</span> <span class='ocrx_word' id='word_1_261' title='bbox 715 3075 748 3122; x_wconf 90' lang='lat'>70</span> <span class='ocrx_word' id='word_1_262' title='bbox 765 3063 836 3125; x_wconf 85' lang='lat' dir='ltr'>quid,</span> <span class='ocrx_word' id='word_1_263' title='bbox 856 3065 903 3126; x_wconf 86' lang='lat' dir='ltr'>qui</span> <span class='ocrx_word' id='word_1_264' title='bbox 922 3079 973 3110; x_wconf 86' lang='lat' dir='ltr'>non</span> <span class='ocrx_word' id='word_1_265' title='bbox 987 3069 1085 3124; x_wconf 82' lang='lat' dir='ltr'>putant</span> 
     </span>
     <span class='ocr_line' id='line_1_39' title="bbox 586 3129 1082 3192; baseline 0 -17"><span class='ocrx_word' id='word_1_266' title='bbox 586 3129 724 3189; x_wconf 60' lang='lat' dir='ltr'>lugendum</span> <span class='ocrx_word' id='word_1_267' title='bbox 750 3130 837 3177; x_wconf 85' lang='lat' dir='ltr'>viris?</span> <span class='ocrx_word' id='word_1_268' title='bbox 871 3131 955 3192; x_wconf 86' lang='lat' dir='ltr'>qualis</span> <span class='ocrx_word' id='word_1_269' title='bbox 970 3129 1030 3192; x_wconf 81' lang='lat' dir='ltr'>fuit</span> <span class='ocrx_word' id='word_1_270' title='bbox 1053 3130 1082 3188; x_wconf 81' lang='lat' dir='ltr'>Q.</span> 
     </span>
     <span class='ocr_line' id='line_1_40' title="bbox 587 3195 1085 3258; baseline 0 -16"><span class='ocrx_word' id='word_1_271' title='bbox 587 3197 725 3244; x_wconf 84' lang='lat' dir='ltr'>Maximus</span> <span class='ocrx_word' id='word_1_272' title='bbox 741 3197 848 3258; x_wconf 79' lang='lat' dir='ltr'>efflrens</span> <span class='ocrx_word' id='word_1_273' title='bbox 859 3195 951 3257; x_wconf 82' lang='lat' dir='ltr'>filium</span> <span class='ocrx_word' id='word_1_274' title='bbox 972 3196 1085 3244; x_wconf 84' lang='lat' dir='ltr'>consula-</span> 
     </span>
     <span class='ocr_line' id='line_1_41' title="bbox 587 3262 1085 3325; baseline 0.002 -17"><span class='ocrx_word' id='word_1_275' title='bbox 587 3278 649 3317; x_wconf 85' lang='lat' dir='ltr'>rem,</span> <span class='ocrx_word' id='word_1_276' title='bbox 676 3263 761 3325; x_wconf 86' lang='lat' dir='ltr'>qualis</span> <span class='ocrx_word' id='word_1_277' title='bbox 790 3264 820 3310; x_wconf 86' lang='lat' dir='ltr'>L.</span> <span class='ocrx_word' id='word_1_278' title='bbox 850 3263 961 3310; x_wconf 84' lang='lat' dir='ltr'>Paullus</span> <span class='ocrx_word' id='word_1_279' title='bbox 990 3262 1085 3309; x_wconf 84' lang='lat' dir='ltr'>duobus</span> 
     </span>
    </p>
   </div>
   <div class='ocr_carea' id='block_1_6' title="bbox 43 3329 1085 3394">
    <p class='ocr_par' dir='ltr' id='par_1_6' title="bbox 43 3329 1085 3394">
     <span class='ocr_line' id='line_1_42' title="bbox 43 3329 1085 3394; baseline -0.002 -17"><span class='ocrx_word' id='word_1_280' title='bbox 43 3344 56 3387; x_wconf 86' lang='lat'>4</span> <span class='ocrx_word' id='word_1_281' title='bbox 72 3346 133 3377; x_wconf 91' lang='lat' dir='ltr'>n.—</span> <span class='ocrx_word' id='word_1_282' title='bbox 144 3332 179 3394; x_wconf 86' lang='lat' dir='ltr'>Q.</span> <span class='ocrx_word' id='word_1_283' title='bbox 200 3331 365 3379; x_wconf 83' lang='lat' dir='ltr'>Maximus:</span> <span class='ocrx_word' id='word_1_284' title='bbox 385 3330 417 3389; x_wconf 90' lang='lat' dir='ltr'>Q.</span> <span class='ocrx_word' id='word_1_285' title='bbox 438 3329 534 3377; x_wconf 87' lang='lat' dir='ltr'>Fabius</span> <span class='ocrx_word' id='word_1_286' title='bbox 581 3330 674 3388; x_wconf 80' lang='lat' dir='ltr'>paucir</span> <span class='ocrx_word' id='word_1_287' title='bbox 692 3330 776 3376; x_wconf 85' lang='lat' dir='ltr'>diebus</span> <span class='ocrx_word' id='word_1_288' title='bbox 792 3331 895 3376; x_wconf 84' lang='lat' dir='ltr'>amissis</span> <span class='ocrx_word' id='word_1_289' title='bbox 904 3329 981 3390; x_wconf 84' lang='lat' dir='ltr'>filiis,</span> <span class='ocrx_word' id='word_1_290' title='bbox 1000 3330 1085 3391; x_wconf 85' lang='lat' dir='ltr'>qualis</span> 
     </span>
    </p>
   </div>
   <div class='ocr_carea' id='block_1_7' title="bbox 45 3394 536 3459">
    <p class='ocr_par' dir='ltr' id='par_1_7' title="bbox 45 3394 536 3459">
     <span class='ocr_line' id='line_1_43' title="bbox 45 3394 536 3459; baseline 0.002 -19"><span class='ocrx_word' id='word_1_291' title='bbox 45 3395 175 3455; x_wconf 88' lang='lat' dir='ltr'>Maximus,</span> <span class='ocrx_word' id='word_1_292' title='bbox 189 3398 249 3446; x_wconf 87' lang='lat' dir='ltr'>who</span> <span class='ocrx_word' id='word_1_293' title='bbox 262 3412 320 3445; x_wconf 86' lang='lat' dir='ltr'>won</span> <span class='ocrx_word' id='word_1_294' title='bbox 337 3396 381 3444; x_wconf 89' lang='lat' dir='ltr'>the</span> <span class='ocrx_word' id='word_1_295' title='bbox 394 3396 494 3459; x_wconf 87' lang='lat' dir='ltr'>epithet</span> <span class='ocrx_word' id='word_1_296' title='bbox 507 3394 536 3442; x_wconf 81' lang='lat' dir='ltr'>of</span> 
     </span>
    </p>
   </div>
   <div class='ocr_carea' id='block_1_8' title="bbox 588 3395 1085 3457">
    <p class='ocr_par' dir='ltr' id='par_1_8' title="bbox 588 3395 1085 3457">
     <span class='ocr_line' id='line_1_44' title="bbox 588 3395 1085 3457; baseline -0.002 -15"><span class='ocrx_word' id='word_1_297' title='bbox 588 3395 625 3442; x_wconf 90' lang='lat' dir='ltr'>M.</span> <span class='ocrx_word' id='word_1_298' title='bbox 641 3397 703 3443; x_wconf 81' lang='lat' dir='ltr'>Coto</span> <span class='ocrx_word' id='word_1_299' title='bbox 714 3402 834 3456; x_wconf 79' lang='lat' dir='ltr'>praetore</span> <span class='ocrx_word' id='word_1_300' title='bbox 845 3396 974 3457; x_wconf 57' lang='lat' dir='ltr'>designato</span> <span class='ocrx_word' id='word_1_301' title='bbox 985 3402 1085 3442; x_wconf 75' lang='lat' dir='ltr'>mortrui</span> 
     </span>
    </p>
   </div>
   <div class='ocr_carea' id='block_1_9' title="bbox 44 3460 1085 3524">
    <p class='ocr_par' dir='ltr' id='par_1_9' title="bbox 44 3460 1085 3524">
     <span class='ocr_line' id='line_1_45' title="bbox 44 3460 1085 3524; baseline 0 -17"><span class='ocrx_word' id='word_1_302' title='bbox 44 3460 180 3514; x_wconf 85' lang='lat' dir='ltr'>Cunctator</span> <span class='ocrx_word' id='word_1_303' title='bbox 191 3465 217 3512; x_wconf 91' lang='lat' dir='ltr'>in</span> <span class='ocrx_word' id='word_1_304' title='bbox 234 3463 279 3512; x_wconf 91' lang='lat' dir='ltr'>the</span> <span class='ocrx_word' id='word_1_305' title='bbox 292 3478 344 3512; x_wconf 88' lang='lat' dir='ltr'>war</span> <span class='ocrx_word' id='word_1_306' title='bbox 355 3463 416 3511; x_wconf 86' lang='lat' dir='ltr'>with</span> <span class='ocrx_word' id='word_1_307' title='bbox 437 3461 535 3510; x_wconf 88' lang='lat' dir='ltr'>Hanni·</span> <span class='ocrx_word' id='word_1_308' title='bbox 578 3461 647 3522; x_wconf 85' lang='lat' dir='ltr'>filio,</span> <span class='ocrx_word' id='word_1_309' title='bbox 663 3464 752 3524; x_wconf 81' lang='lat' dir='ltr'>quales</span> <span class='ocrx_word' id='word_1_310' title='bbox 769 3463 871 3524; x_wconf 81' lang='lat' dir='ltr'>reliqui,</span> <span class='ocrx_word' id='word_1_311' title='bbox 883 3478 946 3524; x_wconf 84' lang='lat' dir='ltr'>quos</span> <span class='ocrx_word' id='word_1_312' title='bbox 962 3462 990 3507; x_wconf 82' lang='lat' dir='ltr'>in</span> <span class='ocrx_word' id='word_1_313' title='bbox 1011 3462 1085 3509; x_wconf 86' lang='lat' dir='ltr'>Con·</span> 
     </span>
    </p>
   </div>
   <div class='ocr_carea' id='block_1_10' title="bbox 44 3525 535 3857">
    <p class='ocr_par' dir='ltr' id='par_1_10' title="bbox 44 3525 535 3857">
     <span class='ocr_line' id='line_1_46' title="bbox 44 3525 535 3595; baseline 0 -19"><span class='ocrx_word' id='word_1_314' title='bbox 44 3525 250 3595; x_wconf 82' lang='lat' dir='ltr'>bal-magnis</span> <span class='ocrx_word' id='word_1_315' title='bbox 263 3533 351 3579; x_wconf 90' lang='lat' dir='ltr'>rebus</span> <span class='ocrx_word' id='word_1_316' title='bbox 364 3529 467 3593; x_wconf 86' lang='lat' dir='ltr'>gestis:</span> <span class='ocrx_word' id='word_1_317' title='bbox 480 3543 535 3591; x_wconf 89' lang='lat' dir='ltr'>par·</span> 
     </span>
     <span class='ocr_line' id='line_1_47' title="bbox 44 3595 535 3646; baseline 0.006 -7"><span class='ocrx_word' id='word_1_318' title='bbox 44 3595 94 3644; x_wconf 86' lang='lat' dir='ltr'>allel</span> <span class='ocrx_word' id='word_1_319' title='bbox 122 3598 184 3646; x_wconf 89' lang='lat' dir='ltr'>with</span> <span class='ocrx_word' id='word_1_320' title='bbox 214 3597 420 3646; x_wconf 81' lang='lat' dir='ltr'>clarum—L.</span> <span class='ocrx_word' id='word_1_321' title='bbox 448 3595 535 3644; x_wconf 87' lang='lat' dir='ltr'>Paul-</span> 
     </span>
     <span class='ocr_line' id='line_1_48' title="bbox 44 3658 534 3718; baseline -0.002 -9"><span class='ocrx_word' id='word_1_322' title='bbox 44 3658 100 3712; x_wconf 89' lang='lat' dir='ltr'>lus:</span> <span class='ocrx_word' id='word_1_323' title='bbox 130 3666 159 3712; x_wconf 92' lang='lat' dir='ltr'>L.</span> <span class='ocrx_word' id='word_1_324' title='bbox 184 3664 314 3712; x_wconf 87' lang='lat' dir='ltr'>Aemilius</span> <span class='ocrx_word' id='word_1_325' title='bbox 346 3663 460 3718; x_wconf 91' lang='lat' dir='ltr'>Paullus,</span> <span class='ocrx_word' id='word_1_326' title='bbox 491 3662 534 3709; x_wconf 89' lang='lat' dir='ltr'>the</span> 
     </span>
     <span class='ocr_line' id='line_1_49' title="bbox 47 3728 534 3794; baseline -0.006 -18"><span class='ocrx_word' id='word_1_327' title='bbox 47 3740 180 3794; x_wconf 83' lang='lat' dir='ltr'>conqueror</span> <span class='ocrx_word' id='word_1_328' title='bbox 194 3731 224 3778; x_wconf 85' lang='lat' dir='ltr'>of</span> <span class='ocrx_word' id='word_1_329' title='bbox 243 3732 354 3779; x_wconf 88' lang='lat' dir='ltr'>Perseus</span> <span class='ocrx_word' id='word_1_330' title='bbox 371 3730 397 3777; x_wconf 90' lang='lat' dir='ltr'>in</span> <span class='ocrx_word' id='word_1_331' title='bbox 419 3728 464 3776; x_wconf 88' lang='lat'>168</span> <span class='ocrx_word' id='word_1_332' title='bbox 484 3738 534 3774; x_wconf 72' lang='lat' dir='ltr'>nc.</span> 
     </span>
     <span class='ocr_line' id='line_1_50' title="bbox 46 3793 534 3857; baseline -0.01 -13"><span class='ocrx_word' id='word_1_333' title='bbox 46 3806 176 3846; x_wconf 73' lang='lat' dir='ltr'>—vester</span> <span class='ocrx_word' id='word_1_334' title='bbox 207 3797 316 3847; x_wconf 84' lang='lat' dir='ltr'>Galus:</span> <span class='ocrx_word' id='word_1_335' title='bbox 347 3797 377 3843; x_wconf 88' lang='lat' dir='ltr'>C.</span> <span class='ocrx_word' id='word_1_336' title='bbox 403 3793 534 3857; x_wconf 87' lang='lat' dir='ltr'>Sulpicius</span> 
     </span>
    </p>
   </div>
   <div class='ocr_carea' id='block_1_11' title="bbox 586 3527 1088 3853">
    <p class='ocr_par' dir='ltr' id='par_1_11' title="bbox 586 3527 1088 3720">
     <span class='ocr_line' id='line_1_51' title="bbox 586 3527 1086 3590; baseline -0.002 -16"><span class='ocrx_word' id='word_1_337' title='bbox 586 3529 760 3576; x_wconf 85' lang='lat' dir='ltr'>solatione</span> <span class='ocrx_word' id='word_1_338' title='bbox 771 3530 923 3590; x_wconf 82' lang='lat' dir='ltr'>collegimus.</span> <span class='ocrx_word' id='word_1_339' title='bbox 961 3527 1033 3586; x_wconf 81' lang='lat' dir='ltr'>Quid</span> <span class='ocrx_word' id='word_1_340' title='bbox 1041 3528 1086 3574; x_wconf 78' lang='lat' dir='ltr'>lios</span> 
     </span>
     <span class='ocr_line' id='line_1_52' title="bbox 586 3595 1088 3656; baseline 0 -16"><span class='ocrx_word' id='word_1_341' title='bbox 586 3595 787 3655; x_wconf 84' lang='lat' dir='ltr'>aliudplacavit</span> <span class='ocrx_word' id='word_1_342' title='bbox 803 3596 856 3641; x_wconf 90' lang='lat' dir='ltr'>nisi</span> <span class='ocrx_word' id='word_1_343' title='bbox 870 3595 940 3656; x_wconf 83' lang='lat' dir='ltr'>quod</span> <span class='ocrx_word' id='word_1_344' title='bbox 954 3595 1050 3641; x_wconf 81' lang='lat' dir='ltr'>luctum</span> <span class='ocrx_word' id='word_1_345' title='bbox 1063 3603 1088 3640; x_wconf 82' lang='lat' dir='ltr'>et</span> 
     </span>
     <span class='ocr_line' id='line_1_53' title="bbox 586 3660 1075 3720; baseline -0.002 -13"><span class='ocrx_word' id='word_1_346' title='bbox 586 3675 726 3708; x_wconf 82' lang='lat' dir='ltr'>maerorem</span> <span class='ocrx_word' id='word_1_347' title='bbox 739 3676 789 3708; x_wconf 80' lang='lat' dir='ltr'>esse</span> <span class='ocrx_word' id='word_1_348' title='bbox 801 3677 852 3707; x_wconf 85' lang='lat' dir='ltr'>non</span> <span class='ocrx_word' id='word_1_349' title='bbox 860 3660 990 3720; x_wconf 80' lang='lat' dir='ltr'>putabant</span> <span class='ocrx_word' id='word_1_350' title='bbox 1000 3661 1057 3706; x_wconf 82' lang='lat' dir='ltr'>uiri</span> <span class='ocrx_word' id='word_1_351' title='bbox 1063 3660 1075 3706; x_wconf 87' lang='lat'><em>?</em></span> 
     </span>
    </p>

    <p class='ocr_par' dir='ltr' id='par_1_12' title="bbox 587 3725 1085 3853">
     <span class='ocr_line' id='line_1_54' title="bbox 621 3725 1085 3789; baseline -0.002 -16"><span class='ocrx_word' id='word_1_352' title='bbox 621 3739 642 3773; x_wconf 89' lang='lat'>2.</span> <span class='ocrx_word' id='word_1_353' title='bbox 673 3741 747 3789; x_wconf 81' lang='lat' dir='ltr'>quae</span> <span class='ocrx_word' id='word_1_354' title='bbox 772 3725 835 3787; x_wconf 85' lang='lat' dir='ltr'>ipse</span> <span class='ocrx_word' id='word_1_355' title='bbox 860 3739 1085 3774; x_wconf 81' lang='lat' dir='ltr'>commemoras:</span> 
     </span>
     <span class='ocr_line' id='line_1_55' title="bbox 587 3792 1083 3853; baseline -0.002 -14"><span class='ocrx_word' id='word_1_356' title='bbox 587 3792 619 3840; x_wconf 83' lang='lat' dir='ltr'>cf.</span> <span class='ocrx_word' id='word_1_357' title='bbox 639 3793 687 3853; x_wconf 89' lang='lat' dir='ltr'>Ep.</span> <span class='ocrx_word' id='word_1_358' title='bbox 708 3793 816 3838; x_wconf 85' lang='lat' dir='ltr'><strong>LXXV.</strong></span> <span class='ocrx_word' id='word_1_359' title='bbox 833 3804 892 3852; x_wconf 73' lang='grc'>5.-</span> <span class='ocrx_word' id='word_1_360' title='bbox 905 3806 995 3839; x_wconf 90' lang='lat' dir='ltr'>unum</span> <span class='ocrx_word' id='word_1_361' title='bbox 1015 3793 1083 3842; x_wconf 89' lang='lat' dir='ltr'>illud</span> 
     </span>
    </p>
   </div>
   <div class='ocr_carea' id='block_1_12' title="bbox 0 0 1310 4200">
    <p class='ocr_par' dir='ltr' id='par_1_13' title="bbox 0 0 1310 4200">
     <span class='ocr_line' id='line_1_56' title="bbox 0 0 1310 4200; baseline 0 0"><span class='ocrx_word' id='word_1_362' title='bbox 0 0 1310 4200; x_wconf 95' lang='lat' dir='ltr'> </span> 
     </span>
    </p>
   </div>
  </div>
 </body>
</html>
