2575 4200
18 238 81 307 att.
97 255 129 307 8.
146 256 188 323 3.]
396 258 563 308 crcuno’s
589 260 763 309 LETTERS.

404 536 512 601 XLV.
549 538 632 624 (Art.
652 540 681 601 8.
702 539 747 623 3.)

374 710 513 761 CICERO
537 713 678 762 ATTICO
703 714 779 763 SAL

76 845 255 910 Maximis
272 856 305 909 et
323 846 520 909 miserrimis
538 847 638 910 rebus
655 848 881 929 perturbatus
897 868 972 913 cum
987 869 1098 913 coram
1119 875 1128 909 1

23 966 157 1019 tecum
186 942 271 1016 mihi
295 939 446 1037 potestas
464 954 674 1018 deliberandi
698 976 766 1019 non
791 955 891 1031 esset,
911 957 960 1019 uti
984 966 1098 1020 tamen

25 1075 94 1127 tuo
116 1061 268 1127 consilio
284 1063 385 1127 volui.
434 1063 643 1126 Deliberatio
668 1074 781 1127 autem
804 1065 913 1128 omnis'
931 1066 1012 1129 haec
1029 1075 1098 1130 est:

27 1172 60 1235 si
100 1171 292 1253 Pompeius
325 1170 423 1235 Italia
455 1172 561 1247 cedat,
584 1173 680 1256 'quod
698 1174 790 1236 'eum
822 1174 989 1238 facturum
1022 1194 1098 1238 esse

29 1280 212 1362 suspicor,
239 1266 318 1362 quid
343 1280 424 1343 mihi
449 1282 617 1362 agendum
646 1270 770 1362 putes,
802 1292 835 1345 et
867 1303 933 1364 quo
966 1282 1098 1346 facilius

31 1388 232 1453 consilium'
254 1390 332 1451 dare
356 1389 476 1471 possis,
498 1390 576 1471 quid
600 1390 635 1451 in
661 1400 837 1472 utramque
861 1400 990 1472 partem
1016 1392 1098 1453 mihi

33 1499 70 1559 in
90 1506 251 1560 mentem
267 1497 380 1560 veniat
398 1498 579 1579 explicabo*
594 1499 698 1561 brevi.
749 1498 843 1562 Cum*
860 1499 980 1563 merita
1005 1501 1130 1562 Pom-'2

35 1606 94 1688 pei
124 1626 262 1669 summa
285 1626 366 1687 erga
398 1606 541 1669 salutem
573 1627 683 1669 meam
712 1607 988 1690 familiaritasque
1012 1629 1098 1691 quae

36 1714 128 1776 mihi
147 1734 225 1778 cum
244 1734 284 1777 eo
301 1720 362 1791 ξεῖ,
381 1724 453 1777 tum
472 1692 544 1796 ipsa
561 1716 609 1777 rei
625 1715 780 1797 publicae
796 1736 898 1779 causa
920 1738 974 1779 me
998 1718 1097 1780 addu-

39 1824 98 1897 cit,
121 1833 161 1885 ut
180 1821 263 1913 mihi
279 1823 332 1886 vel
349 1823 526 1891 consilium
545 1844 656 1887 meum
674 1845 750 1888 cum
775 1824 863 1887 illius
888 1824 1027 1888 consilio
1043 1826 1096 1889 vel

39 1932 186 1994 fortuna
196 1908 277 1993 *mea
294 1951 369 1994 cum
387 1931 475 1995 illius
499 1933 636 1995 fortuna
661 1934 896 2015 coniungenda
919 1953 994 1997 esse
1010 1934 1097 1997 vide-

41 2050 130 2104 atur.
196 2039 341 2104 Accedit
368 2040 465 2105 illud:
498 2040 527 2105 si
555 2062 675 2105 maneo
707 2052 740 2106 et
775 2041 866 2106 illum
899 2042 1095 2113 comitatum

42 2150 251 2231 optimorum
273 2153 306 2212 et
332 2149 590 2214 clarissimorum
617 2151 738 2214 civium
763 2151 890 2227 desem,
910 2153 1096 2216 cadendum

44 2268 96 2320 est
115 2259 153 2320 in
169 2258 271 2322 unius
288 2267 502 2340 potestatem,
521 2259 579 2342 qui
596 2260 661 2323 etsi
677 2259 792 2322 multis
810 2261 910 2322 rebus
928 2259 1096 2342 significat

45 2387 81 2429 se
98 2366 201 2431 nobis
219 2387 295 2430 esse
313 2367 455 2430 amicum
467 2377 558 2430 —et
575 2378 612 2431 ut
629 2377 721 2431 esset
738 2389 758 2430 a
774 2389 827 2430 me
844 2378 906 2443 est,
925 2378 1000 2432 tute
1017 2370 1093 2445 sciS,

45 2485 185 2558 propter
216 2475 443 2557 suspicionem
476 2475 576 2540 huius
616 2476 843 2558 impendentis
883 2478 1095 2558 tempestatis

46 2587 154 2650 multo
182 2596 261 2650 ante
285 2587 648 2669 provisum—tamen
673 2598 853 2670 utrumque
885 2588 1095 2651 consideran-

46 2695 125 2756 dum
145 2704 206 2770 est,
225 2704 259 2758 et
277 2677 403 2777 quanta
427 2696 511 2758 fides
536 2695 567 2759 ei
592 2696 636 2758 sit
661 2696 815 2758 habenda
838 2705 881 2770 et,
901 2696 929 2758 si
953 2697 1095 2760 maxime

48 2803 257 2884 exploratum
274 2804 317 2895 sit
336 2787 412 2867 eum
429 2804 526 2866 nobis
543 2805 688 2868 amicum
705 2805 787 2878 fore,
807 2804 895 2866 sitne
911 2805 973 2866 viri
997 2805 1094 2869 fortis

79 2961 164 3008 XLV.
190 2961 276 3019 Cales,
299 2961 361 3010 Feb.
382 2961 419 3020 18,
441 2975 473 3024 49
494 2974 544 3010 nc.
633 2977 654 3008 2.
674 2975 743 3024 erga
756 2961 881 3011 salutem
895 2976 1006 3012 meam:
1024 2980 1055 3011 sc.
1068 2963 1095 3011 in

51 3025 141 3075 Cicero
152 3027 205 3076 had
217 3027 335 3076 received
351 3044 367 3076 a
383 3029 461 3077 letter
478 3028 546 3076 from
597 3028 703 3091 helping
710 3037 738 3076 to
746 3043 836 3077 secure
845 3029 885 3077 his
893 3030 968 3079 recall
976 3029 1045 3078 from
1055 3045 1096 3078 ex·

52 3091 164 3159 Pompey
186 3094 249 3157 (Art.
265 3094 289 3142 8.
317 3109 342 3142 11
364 3096 392 3158 A)
419 3095 546 3158 directing
596 3095 788 3144 ile—unius:
801 3097 838 3144 ie.
854 3098 1095 3160 Caesaris—pro·

51 3157 100 3206 him
114 3167 142 3208 to
154 3160 267 3223 proceed
279 3168 306 3209 to
321 3161 429 3210 Luceria
441 3170 467 3210 at
480 3177 544 3210 once
596 3163 709 3211 visum:
721 3162 748 3209 in
762 3161 793 3226 56
805 3174 855 3210 Bc.
869 3163 961 3211 Cicero
974 3163 1026 3210 had
1043 3164 1095 3225 pla·

52 3225 99 3272 and
128 3225 184 3290 join
207 3227 252 3275 the
276 3227 350 3276 other
382 3229 544 3292 Pompeians.
597 3229 673 3277 cated
691 3229 789 3277 Caesar
807 3228 842 3294 by
860 3229 1037 3292 withdrawing
1054 3230 1094 3278 his

54 3290 93 3339 He
116 3294 281 3358 accordingly
297 3294 345 3342 left
370 3295 489 3343 Formiae
510 3310 544 3342 on
597 3295 748 3359 opposition
767 3303 795 3343 to
813 3294 909 3344 certain
928 3295 957 3344 oi
975 3296 1094 3345 Caesar's

55 3356 111 3405 Feb.
133 3373 159 3420 17
181 3361 225 3423 (ci.
244 3362 295 3408 Att.
314 3360 337 3408 8.
359 3375 385 3408 11
408 3373 433 3408 D.
455 3362 478 3424 1)
493 3361 545 3409 and
596 3362 714 3424 agrarian
733 3362 795 3410 laws
813 3362 854 3424 (Q.
865 3363 907 3426 fr.
927 3376 949 3410 2.
966 3361 1045 3426 6[8].
1059 3362 1094 3425 2),

54 3423 182 3475 advanced
205 3435 233 3474 to
261 3427 346 3484 Cales,
369 3427 437 3475 from
462 3428 544 3476 which
596 3428 629 3492 by
641 3429 769 3491 speaking
779 3429 807 3476 in
819 3429 894 3476 favor
906 3428 935 3476 of
951 3436 1053 3491 agrant
1066 3428 1094 3476 of

54 3490 123 3549 place
132 3493 182 3541 this
192 3494 269 3542 letter
276 3509 329 3542 was
337 3494 445 3550 written,
456 3509 545 3558 appar·
596 3510 691 3559 money
701 3503 728 3543 to
739 3495 858 3544 Caesar's
868 3503 959 3558 troops
969 3496 1008 3557 (de
1017 3497 1093 3543 Prw.

57 3558 121 3622 ently
142 3559 167 3607 in
192 3560 237 3608 the
260 3560 333 3622 night
359 3561 389 3608 of
418 3561 480 3609 Feb.
507 3561 544 3609 18.
599 3564 672 3610 Cons.
696 3561 747 3625 28),
767 3561 803 3625 by
825 3562 951 3624 extolling
974 3562 1094 3612 Caesar's

58 3622 162 3688 Finding
179 3625 220 3674 his
238 3642 293 3690 way
308 3626 418 3676 blocked
435 3627 470 3692 by
482 3628 545 3676 Cae
596 3643 700 3676 success
716 3629 742 3676 in
761 3629 838 3684 Gaul,
850 3627 902 3676 and
919 3628 953 3692 by
965 3628 1095 3692 opposing

57 3689 114 3738 sar's
125 3700 223 3756 troops,
233 3692 266 3740 he
279 3693 371 3742 turned
383 3694 450 3742 back
465 3694 507 3757 (ci.
517 3695 542 3757 7)
597 3694 641 3742 the
652 3694 809 3743 withdrawal
822 3694 851 3741 of
862 3710 878 3742 a
890 3695 1013 3756 province
1024 3695 1094 3744 from

58 3755 104 3802 and
113 3773 162 3806 was
174 3759 200 3806 in
216 3759 333 3807 Formiae
342 3761 418 3823 again
432 3761 493 3810 Feb.
505 3775 543 3808 21.
596 3760 650 3809 him
671 3762 740 3824 (ibid.
761 3762 861 3825 17-35),
878 3760 930 3807 and
947 3761 974 3808 in
994 3775 1025 3827 54
1043 3775 1092 3812 sc.
