2575 4200
195 242 246 296 290
531 245 700 297 ercnuo's
725 246 898 297 narrans.
1135 248 1242 316 [ape.
1274 314 1275 323 4

196 413 383 496 plurimum,
410 426 446 477 ut
471 426 562 497 put0,
582 425 620 478 tu
644 437 785 498 quoque,
804 417 899 479 cuius
924 416 980 479 ille
1005 428 1099 480 tanta
1122 420 1242 489 merita

196 523 296 585 habet
326 532 451 605 quanta
478 544 577 587 nemo
602 534 734 605 praeter
758 545 827 601 me;
852 546 1033 608 numquam
1056 526 1144 588 enirn
1161 528 1241 589 obli·
1274 502 1275 589 l

195 630 304 694 viscar
335 631 479 694 maxima
510 652 548 695 ac
580 631 721 713 plurima
750 652 803 694 me
832 632 893 694 tibi
922 634 1053 696 debere.
1104 635 1158 696 De
1188 636 1242 696 his
1274 670 1275 703 1

196 739 297 802 rebus
320 748 357 802 ut
383 740 531 821 exigeret
558 760 633 803 curn
660 760 699 802 eo
727 740 851 802 Furnio
878 742 1039 803 mandavi.
1092 742 1192 824 Quod
1214 745 1241 804 si

196 857 355 930 quantam
379 848 485 910 debeo
509 847 657 910 habuero
682 849 770 929 apud
788 868 863 910 eum
882 850 1125 923 auctoritatem,
1145 852 1241 931 pluri·
1274 842 1275 869 ³

162 962 286 1018 8mum
320 954 429 1037 ipsum
463 956 585 1018 iuvero.
639 956 710 1018 Nos
735 955 864 1018 interea
887 957 1019 1019 duriore
1045 959 1241 1021 condicione

196 1063 319 1126 bellurn
337 1064 553 1138 sustinemus,
573 1064 661 1145 quod
679 1082 788 1145 neque
808 1065 1091 1145 expeditissimam
1110 1066 1242 1128 dimica·

195 1172 321 1233 tionem
350 1180 507 1252 putamus
533 1191 642 1253 neque
669 1180 783 1233 tamen
808 1171 1006 1254 refugiendo
1031 1175 1242 1236 commissuri
1274 1228 1275 1235 .

196 1299 311 1341 sumus
337 1289 374 1341 ut
403 1279 509 1341 maius
539 1279 779 1341 detrimentum
809 1299 862 1342 res
890 1300 921 1360 p.
948 1281 1099 1362 accipere
1124 1283 1239 1361 possit.

179 1387 295 1468 ¹Quod
324 1388 353 1449 si
376 1396 433 1450 aut
456 1386 581 1450 Caesar
605 1407 641 1449 se
666 1388 851 1468 respexerit
874 1397 931 1450 aut
957 1387 1143 1452 Africanae
1166 1389 1242 1470 legi-

195 1515 277 1557 ones
294 1495 448 1558 celeriter
471 1496 635 1570 venerint,
656 1514 790 1558 securos
815 1516 874 1558 vos
898 1496 941 1559 ab
965 1496 1026 1559 hac
1054 1508 1153 1577 parte
1175 1499 1241 1559 red·
1274 1516 1275 1531 ¹

195 1604 320 1666 demus.
371 1603 433 1678 Tu,
453 1612 489 1666 ut
515 1602 702 1678 instituisti,
721 1622 774 1665 me
797 1603 915 1686 diligas
938 1624 1018 1687 rogo
1042 1606 1242 1687 proprieque

195 1722 290 1774 tuum
308 1732 383 1775 esse
399 1711 461 1773 tibi
478 1705 689 1792 persuadeas.
739 1730 761 1773 v
775 1712 817 1775 K.
840 1711 929 1775 Sext.
950 1732 990 1775 ex
1006 1714 1136 1776 castris.

197 1869 344 1917 Marcellus.
357 1876 433 1917 —tu
458 1882 592 1931 quoque:
617 1866 692 1915 when
742 1868 783 1917 his
803 1869 890 1917 action
914 1870 941 1916 in
962 1870 1080 1932 securing
1100 1884 1116 1917 a
1140 1878 1240 1918 senatus

196 1936 322 1983 Octavius
350 1950 423 1983 earne
452 1943 480 1982 to
514 1936 598 1982 Rome
626 1933 694 1982 after
742 1938 884 1985 consultum
909 1936 1073 1998 authorizing
1096 1951 1112 1983 a
1137 1936 1242 1985 thanks-

196 2002 280 2061 Julius
297 2002 417 2049 Caesar’s
435 2000 522 2057 death,
534 2002 568 2049 he
585 2000 693 2049 showed
742 2002 832 2063 giving
844 2002 873 2049 of
884 2002 942 2066 fifty
952 2002 1050 2067 daysin
1062 2002 1190 2050 honoros
1202 2004 1242 2051 the

195 2075 267 2130 great
297 2067 432 2116 deference
454 2067 497 2116 for
521 2068 632 2127 Cicer03
659 2067 692 2116 ci.
743 2067 842 2134 victory
861 2068 956 2130 gained
974 2068 1008 2134 by
1028 2069 1166 2127 Octavius
1188 2070 1241 2118 Hir·

197 2138 249 2182 Att.
266 2149 302 2194 14.
318 2148 354 2182 11.
369 2149 382 2182 2
395 2136 467 2183 modo
478 2138 549 2183 venit
566 2136 692 2191 Octavius,
742 2135 802 2192 tius,
820 2135 872 2183 and
890 2137 976 2183 Pansa
991 2151 1053 2183 near
1070 2137 1172 2184 Forum
1187 2137 1241 2185 Gal-

195 2209 219 2249 et
245 2203 345 2264 quidem
376 2203 404 2248 in
423 2203 573 2262 proximam
601 2202 692 2249 villam
741 2202 835 2249 lorum.
866 2202 908 2250 Cf.
921 2203 1034 2263 Philipp.
1049 2216 1070 2265 5.
1081 2216 1133 2266 45;
1156 2217 1196 2263 14.
1207 2218 1240 2264 ²9·

196 2269 320 2329 Philippi,
340 2269 408 2315 mihi
426 2275 490 2315 totus
510 2269 610 2315 deditus
617 2283 628 2325 ;
656 2282 693 2326 14.
776 2267 799 2315 8.
818 2268 926 2318 bellum
937 2269 1139 2318 sustinemus:
1158 2285 1192 2317 an
1201 2286 1240 2316 un·

199 2349 235 2382 12.
249 2349 263 2381 2
276 2335 403 2382 nobiscum
422 2336 463 2382 hic
476 2334 662 2396 perhonorifice
673 2341 697 2382 et
741 2335 818 2382 usual
837 2335 997 2397 expression.
1048 2335 1090 2383 cf.
1108 2339 1238 2391 stistinere,

194 2403 274 2449 amt'ce
294 2403 420 2458 Octavius,
434 2401 486 2448 and
504 2403 555 2462 Ep.
567 2402 604 2448 od
615 2402 693 2448 Brut.
742 2403 940 2458 Antibarbarus,
953 2401 1006 2450 and
1024 2417 1067 2449 see
1085 2403 1133 2449 the
1146 2403 1240 2451 similar

198 2483 217 2515 r.
240 2467 275 2514 18.
296 2483 310 2530 3
329 2468 441 2530 (written
459 2468 484 2514 in
503 2481 534 2530 43
554 2469 616 2529 ac.)
634 2484 691 2515 cum
742 2467 835 2529 phrase
853 2468 880 2515 in
899 2482 923 2530 3,
940 2485 984 2515 nos
1000 2469 1092 2524 adhuc,
1110 2477 1238 2516 etc-se

196 2535 695 2594 meproadulescentuloacpaenepucro
741 2534 909 2597 respexerit,
931 2535 1001 2582 shall
1022 2535 1048 2582 be
1071 2537 1194 2600 minaJul
1212 2536 1239 2598 os
1274 2573 1275 2580 .

196 2618 235 2648 res
259 2602 362 2663 publica
391 2602 522 2661 accepisset
549 2602 648 2647 vadem.
661 2627 694 2634 —
740 2600 977 2648 hisrealinterests.
1014 2602 1067 2647 For
1076 2601 1130 2649 this
1141 2602 1237 2664 phrase,
1274 2599 1275 2604 ’

195 2675 276 2715 tanta
291 2667 411 2715 merita:
429 2666 463 2730 by
476 2666 516 2713 his
535 2681 613 2730 many
625 2681 694 2713 corn-
741 2666 773 2713 cf.
789 2666 872 2714 Plaut.
885 2667 977 2715 Pseud.
994 2665 1054 2727 612;
1073 2668 1134 2714 Ter.
1148 2669 1236 2716 Heaut.

195 2735 349 2796 plimentary
361 2733 506 2780 references
525 2739 552 2779 to
566 2732 693 2781 Octavius
741 2744 789 2792 7o;
807 2746 906 2795 919.-
916 2747 951 2780 ex
962 2733 1083 2782 castris:
1102 2741 1132 2782 at
1146 2734 1236 2782 Cularo
1274 2757 1275 2796 4

194 2801 222 2848 in
244 2799 288 2847 the
317 2807 415 2855 senate,
442 2797 495 2845 and
523 2798 632 2863 notably
660 2798 695 2862 by
739 2798 874 2864 probably.
