<?xml version="1.0" encoding="UTF-8"?>
<!DOCTYPE html PUBLIC "-//W3C//DTD XHTML 1.0 Transitional//EN"
    "http://www.w3.org/TR/xhtml1/DTD/xhtml1-transitional.dtd">
<html xmlns="http://www.w3.org/1999/xhtml" xml:lang="en" lang="en">
 <head>
  <title>
</title>
<meta http-equiv="Content-Type" content="text/html;charset=utf-8" />
  <meta name='ocr-system' content='tesseract 3.04.00' />
  <meta name='ocr-capabilities' content='ocr_page ocr_carea ocr_par ocr_line ocrx_word'/>
</head>
<body>
  <div class='ocr_page' id='page_1' title='image "./selectedletters00unkngoog_0159.png"; bbox 0 0 2575 4200; ppageno 0'>
   <div class='ocr_carea' id='block_1_1' title="bbox 46 247 1101 349">
    <p class='ocr_par' dir='ltr' id='par_1_1' title="bbox 46 247 1101 349">
     <span class='ocr_line' id='line_1_1' title="bbox 46 247 1101 349; baseline 0.003 -17"><span class='ocrx_word' id='word_1_1' title='bbox 46 286 114 333; x_wconf 74' lang='lat' dir='ltr'>Fam.</span> <span class='ocrx_word' id='word_1_2' title='bbox 128 297 149 349; x_wconf 81' lang='lat'>5·</span> <span class='ocrx_word' id='word_1_3' title='bbox 165 283 217 349; x_wconf 67' lang='grc' dir='ltr'>η]</span> <span class='ocrx_word' id='word_1_4' title='bbox 388 284 556 333; x_wconf 80' lang='lat' dir='ltr'>crcnno’s</span> <span class='ocrx_word' id='word_1_5' title='bbox 582 284 756 333; x_wconf 70' lang='lat' dir='ltr'>cernens.</span> <span class='ocrx_word' id='word_1_6' title='bbox 1061 247 1101 335; x_wconf 62' lang='grc' dir='ltr'>π’</span> 
     </span>
    </p>
   </div>
   <div class='ocr_carea' id='block_1_2' title="bbox 46 451 1181 3023">
    <p class='ocr_par' dir='ltr' id='par_1_2' title="bbox 46 451 1181 3023">
     <span class='ocr_line' id='line_1_2' title="bbox 46 451 1091 534; baseline 0.002 -22"><span class='ocrx_word' id='word_1_7' title='bbox 46 452 132 515; x_wconf 91' lang='lat' dir='ltr'>illam</span> <span class='ocrx_word' id='word_1_8' title='bbox 150 452 192 514; x_wconf 92' lang='lat' dir='ltr'>de</span> <span class='ocrx_word' id='word_1_9' title='bbox 209 472 275 534; x_wconf 91' lang='lat' dir='ltr'>qua</span> <span class='ocrx_word' id='word_1_10' title='bbox 292 451 489 514; x_wconf 87' lang='lat' dir='ltr'>suavissime</span> <span class='ocrx_word' id='word_1_11' title='bbox 506 452 649 533; x_wconf 93' lang='lat' dir='ltr'>quodam</span> <span class='ocrx_word' id='word_1_12' title='bbox 668 452 702 513; x_wconf 93' lang='lat' dir='ltr'>in</span> <span class='ocrx_word' id='word_1_13' title='bbox 727 452 897 534; x_wconf 91' lang='lat' dir='ltr'>prooemio</span> <span class='ocrx_word' id='word_1_14' title='bbox 915 451 1091 534; x_wconf 87' lang='lat' dir='ltr'>scripsisti,</span> 
     </span>
     <span class='ocr_line' id='line_1_3' title="bbox 46 555 1091 644; baseline 0 -22"><span class='ocrx_word' id='word_1_15' title='bbox 46 581 65 622; x_wconf 93' lang='lat' dir='ltr'>a</span> <span class='ocrx_word' id='word_1_16' title='bbox 87 581 151 642; x_wconf 91' lang='lat' dir='ltr'>qua</span> <span class='ocrx_word' id='word_1_17' title='bbox 174 569 209 622; x_wconf 92' lang='lat' dir='ltr'>te</span> <span class='ocrx_word' id='word_1_18' title='bbox 234 559 327 623; x_wconf 89' lang='lat' dir='ltr'>flecti</span> <span class='ocrx_word' id='word_1_19' title='bbox 351 579 418 622; x_wconf 92' lang='lat' dir='ltr'>non</span> <span class='ocrx_word' id='word_1_20' title='bbox 445 559 551 642; x_wconf 89' lang='lat' dir='ltr'>magis</span> <span class='ocrx_word' id='word_1_21' title='bbox 580 555 731 641; x_wconf 86' lang='lat' dir='ltr'>potuisse</span> <span class='ocrx_word' id='word_1_22' title='bbox 756 562 967 624; x_wconf 86' lang='lat' dir='ltr'>demonstras</span> <span class='ocrx_word' id='word_1_23' title='bbox 992 581 1091 644; x_wconf 91' lang='lat' dir='ltr'>quam</span> 
     </span>
     <span class='ocr_line' id='line_1_4' title="bbox 49 668 1094 752; baseline 0 -20"><span class='ocrx_word' id='word_1_24' title='bbox 49 669 229 733; x_wconf 88' lang='lat' dir='ltr'>Herculem</span> <span class='ocrx_word' id='word_1_25' title='bbox 259 668 537 748; x_wconf 89' lang='lat' dir='ltr'>Xenophontium</span> <span class='ocrx_word' id='word_1_26' title='bbox 569 668 662 731; x_wconf 92' lang='lat' dir='ltr'>illum</span> <span class='ocrx_word' id='word_1_27' title='bbox 694 669 930 752; x_wconf 92' lang='lat' dir='ltr'>aVoluptate,</span> <span class='ocrx_word' id='word_1_28' title='bbox 956 690 1039 744; x_wconf 89' lang='lat' dir='ltr'>eam,</span> <span class='ocrx_word' id='word_1_29' title='bbox 1066 670 1094 732; x_wconf 91' lang='lat' dir='ltr'>si</span> 
     </span>
     <span class='ocr_line' id='line_1_5' title="bbox 47 776 1093 860; baseline 0 -20"><span class='ocrx_word' id='word_1_30' title='bbox 47 798 98 840; x_wconf 89' lang='lat' dir='ltr'>me</span> <span class='ocrx_word' id='word_1_31' title='bbox 121 777 181 840; x_wconf 91' lang='lat' dir='ltr'>tibi</span> <span class='ocrx_word' id='word_1_32' title='bbox 200 776 432 840; x_wconf 91' lang='lat' dir='ltr'>vehementius</span> <span class='ocrx_word' id='word_1_33' title='bbox 458 777 714 851; x_wconf 92' lang='lat' dir='ltr'>commendabit,</span> <span class='ocrx_word' id='word_1_34' title='bbox 733 798 776 840; x_wconf 89' lang='lat' dir='ltr'>ne</span> <span class='ocrx_word' id='word_1_35' title='bbox 800 798 988 860; x_wconf 87' lang='lat' dir='ltr'>aspernere,</span> <span class='ocrx_word' id='word_1_36' title='bbox 1007 798 1093 840; x_wconf 92' lang='lat' dir='ltr'>amo-</span> 
     </span>
     <span class='ocr_line' id='line_1_6' title="bbox 49 884 1181 967; baseline 0.005 -19"><span class='ocrx_word' id='word_1_37' title='bbox 49 886 136 967; x_wconf 79' lang='lat' dir='ltr'>rique</span> <span class='ocrx_word' id='word_1_38' title='bbox 160 895 276 948; x_wconf 93' lang='lat' dir='ltr'>nostro</span> <span class='ocrx_word' id='word_1_39' title='bbox 309 884 497 967; x_wconf 89' lang='lat' dir='ltr'>plusculum</span> <span class='ocrx_word' id='word_1_40' title='bbox 526 885 625 948; x_wconf 90' lang='lat' dir='ltr'>etiam</span> <span class='ocrx_word' id='word_1_41' title='bbox 651 905 749 967; x_wconf 90' lang='lat' dir='ltr'>quarn</span> <span class='ocrx_word' id='word_1_42' title='bbox 783 887 944 950; x_wconf 88' lang='lat' dir='ltr'>concedet</span> <span class='ocrx_word' id='word_1_43' title='bbox 971 887 1093 949; x_wconf 89' lang='lat' dir='ltr'>veritas</span> <span class='ocrx_word' id='word_1_44' title='bbox 1175 945 1181 954; x_wconf 95' lang='lat'>.</span> 
     </span>
     <span class='ocr_line' id='line_1_7' title="bbox 49 993 1093 1086; baseline 0.001 -31"><span class='ocrx_word' id='word_1_45' title='bbox 49 993 191 1076; x_wconf 86' lang='lat' dir='ltr'>largiare.</span> <span class='ocrx_word' id='word_1_46' title='bbox 244 993 344 1075; x_wconf 83' lang='lat' dir='ltr'>Quod</span> <span class='ocrx_word' id='word_1_47' title='bbox 362 993 440 1055; x_wconf 91' lang='lat' dir='ltr'>site</span> <span class='ocrx_word' id='word_1_48' title='bbox 457 993 661 1056; x_wconf 89' lang='lat' dir='ltr'>adducemus</span> <span class='ocrx_word' id='word_1_49' title='bbox 681 1006 717 1057; x_wconf 93' lang='lat' dir='ltr'>ut</span> <span class='ocrx_word' id='word_1_50' title='bbox 743 994 814 1086; x_wconf 83' lang='lat' dir='ltr'>hoc</span> <span class='ocrx_word' id='word_1_51' title='bbox 830 993 1001 1074; x_wconf 88' lang='lat' dir='ltr'>suscipias,</span> <span class='ocrx_word' id='word_1_52' title='bbox 1021 993 1093 1069; x_wconf 88' lang='lat' dir='ltr'>erit,</span> 
     </span>
     <span class='ocr_line' id='line_1_8' title="bbox 51 1090 1094 1184; baseline 0.002 -22"><span class='ocrx_word' id='word_1_53' title='bbox 51 1112 85 1163; x_wconf 93' lang='lat' dir='ltr'>ut</span> <span class='ocrx_word' id='word_1_54' title='bbox 111 1090 410 1183; x_wconf 87' lang='lat' dir='ltr'>mihi·persuade0,</span> <span class='ocrx_word' id='word_1_55' title='bbox 436 1102 591 1164; x_wconf 92' lang='lat' dir='ltr'>materies</span> <span class='ocrx_word' id='word_1_56' title='bbox 620 1103 721 1184; x_wconf 87' lang='lat' dir='ltr'>digna</span> <span class='ocrx_word' id='word_1_57' title='bbox 748 1102 909 1166; x_wconf 84' lang='lat' dir='ltr'>facultate</span> <span class='ocrx_word' id='word_1_58' title='bbox 938 1112 971 1165; x_wconf 93' lang='lat' dir='ltr'>et</span> <span class='ocrx_word' id='word_1_59' title='bbox 1001 1102 1094 1183; x_wconf 91' lang='lat' dir='ltr'>copia</span> 
     </span>
     <span class='ocr_line' id='line_1_9' title="bbox 52 1197 1127 1293; baseline 0.003 -24"><span class='ocrx_word' id='word_1_60' title='bbox 52 1219 113 1272; x_wconf 89' lang='lat' dir='ltr'>tua.</span> <span class='ocrx_word' id='word_1_61' title='bbox 160 1209 195 1270; x_wconf 94' lang='lat' dir='ltr'><strong>A</strong></span> <span class='ocrx_word' id='word_1_62' title='bbox 211 1210 371 1292; x_wconf 88' lang='lat' dir='ltr'>principio</span> <span class='ocrx_word' id='word_1_63' title='bbox 389 1211 477 1272; x_wconf 94' lang='lat' dir='ltr'>enim</span> <span class='ocrx_word' id='word_1_64' title='bbox 493 1197 731 1275; x_wconf 82' lang='lat' dir='ltr'>coniurationis</span> <span class='ocrx_word' id='word_1_65' title='bbox 754 1231 860 1293; x_wconf 90' lang='lat' dir='ltr'>usque</span> <span class='ocrx_word' id='word_1_66' title='bbox 884 1212 925 1274; x_wconf 92' lang='lat' dir='ltr'>ad</span> <span class='ocrx_word' id='word_1_67' title='bbox 950 1211 1092 1274; x_wconf 91' lang='lat' dir='ltr'>reditum</span> <span class='ocrx_word' id='word_1_68' title='bbox 1111 1242 1127 1288; x_wconf 89' lang='lat'>4</span> 
     </span>
     <span class='ocr_line' id='line_1_10' title="bbox 53 1317 1094 1407; baseline 0.002 -29"><span class='ocrx_word' id='word_1_69' title='bbox 53 1327 196 1407; x_wconf 78' lang='lat' dir='ltr'>nostrum</span> <span class='ocrx_word' id='word_1_70' title='bbox 212 1317 344 1380; x_wconf 90' lang='lat' dir='ltr'>videtur</span> <span class='ocrx_word' id='word_1_71' title='bbox 360 1319 440 1380; x_wconf 92' lang='lat' dir='ltr'>mihi</span> <span class='ocrx_word' id='word_1_72' title='bbox 455 1319 622 1382; x_wconf 91' lang='lat' dir='ltr'>modicum</span> <span class='ocrx_word' id='word_1_73' title='bbox 639 1317 804 1401; x_wconf 79' lang='lat' dir='ltr'>quoddam</span> <span class='ocrx_word' id='word_1_74' title='bbox 830 1339 950 1400; x_wconf 91' lang='lat' dir='ltr'>corpus</span> <span class='ocrx_word' id='word_1_75' title='bbox 975 1317 1094 1382; x_wconf 89' lang='lat' dir='ltr'>cohfici</span> 
     </span>
     <span class='ocr_line' id='line_1_11' title="bbox 54 1426 1092 1508; baseline 0 -20"><span class='ocrx_word' id='word_1_76' title='bbox 54 1445 153 1505; x_wconf 90' lang='lat' dir='ltr'>posse,</span> <span class='ocrx_word' id='word_1_77' title='bbox 170 1426 204 1488; x_wconf 91' lang='lat' dir='ltr'>in</span> <span class='ocrx_word' id='word_1_78' title='bbox 222 1446 288 1508; x_wconf 93' lang='lat' dir='ltr'>quo</span> <span class='ocrx_word' id='word_1_79' title='bbox 306 1435 339 1488; x_wconf 92' lang='lat' dir='ltr'>et</span> <span class='ocrx_word' id='word_1_80' title='bbox 357 1426 411 1488; x_wconf 90' lang='lat' dir='ltr'>illa</span> <span class='ocrx_word' id='word_1_81' title='bbox 427 1428 551 1508; x_wconf 92' lang='lat' dir='ltr'>poteris</span> <span class='ocrx_word' id='word_1_82' title='bbox 569 1428 618 1489; x_wconf 93' lang='lat' dir='ltr'>uti</span> <span class='ocrx_word' id='word_1_83' title='bbox 635 1427 777 1490; x_wconf 92' lang='lat' dir='ltr'>civilium</span> <span class='ocrx_word' id='word_1_84' title='bbox 796 1428 1092 1491; x_wconf 91' lang='lat' dir='ltr'>commutationum</span> 
     </span>
     <span class='ocr_line' id='line_1_12' title="bbox 57 1534 1092 1617; baseline 0.002 -22"><span class='ocrx_word' id='word_1_85' title='bbox 57 1535 185 1597; x_wconf 89' lang='lat' dir='ltr'>scientia</span> <span class='ocrx_word' id='word_1_86' title='bbox 200 1534 253 1598; x_wconf 91' lang='lat' dir='ltr'>vel</span> <span class='ocrx_word' id='word_1_87' title='bbox 270 1535 304 1597; x_wconf 92' lang='lat' dir='ltr'>in</span> <span class='ocrx_word' id='word_1_88' title='bbox 322 1535 523 1617; x_wconf 90' lang='lat' dir='ltr'>explicandis</span> <span class='ocrx_word' id='word_1_89' title='bbox 541 1536 649 1599; x_wconf 90' lang='lat' dir='ltr'>causis</span> <span class='ocrx_word' id='word_1_90' title='bbox 672 1555 781 1598; x_wconf 90' lang='lat' dir='ltr'>rerum</span> <span class='ocrx_word' id='word_1_91' title='bbox 806 1555 965 1598; x_wconf 90' lang='lat' dir='ltr'>novarum</span> <span class='ocrx_word' id='word_1_92' title='bbox 982 1535 1034 1598; x_wconf 91' lang='lat' dir='ltr'>vel</span> <span class='ocrx_word' id='word_1_93' title='bbox 1059 1535 1092 1597; x_wconf 91' lang='lat' dir='ltr'>in</span> 
     </span>
     <span class='ocr_line' id='line_1_13' title="bbox 58 1644 1093 1725; baseline 0.003 -22"><span class='ocrx_word' id='word_1_94' title='bbox 58 1645 199 1707; x_wconf 90' lang='lat' dir='ltr'>remediis</span> <span class='ocrx_word' id='word_1_95' title='bbox 223 1645 518 1719; x_wconf 89' lang='lat' dir='ltr'>incommodorum,</span> <span class='ocrx_word' id='word_1_96' title='bbox 537 1665 612 1707; x_wconf 92' lang='lat' dir='ltr'>cum</span> <span class='ocrx_word' id='word_1_97' title='bbox 637 1653 672 1705; x_wconf 88' lang='lat' dir='ltr'>et</span> <span class='ocrx_word' id='word_1_98' title='bbox 698 1644 921 1724; x_wconf 89' lang='lat' dir='ltr'>reprehendes</span> <span class='ocrx_word' id='word_1_99' title='bbox 946 1663 1093 1725; x_wconf 88' lang='lat' dir='ltr'>eaquae</span> 
     </span>
     <span class='ocr_line' id='line_1_14' title="bbox 57 1751 1093 1834; baseline 0.001 -22"><span class='ocrx_word' id='word_1_100' title='bbox 57 1751 263 1833; x_wconf 89' lang='lat' dir='ltr'>vituperanda</span> <span class='ocrx_word' id='word_1_101' title='bbox 280 1754 391 1827; x_wconf 78' lang='lat' dir='ltr'>duceS,</span> <span class='ocrx_word' id='word_1_102' title='bbox 412 1761 445 1815; x_wconf 92' lang='lat' dir='ltr'>et</span> <span class='ocrx_word' id='word_1_103' title='bbox 463 1772 548 1834; x_wconf 91' lang='lat' dir='ltr'>quae</span> <span class='ocrx_word' id='word_1_104' title='bbox 564 1752 743 1833; x_wconf 92' lang='lat' dir='ltr'>placebunt</span> <span class='ocrx_word' id='word_1_105' title='bbox 769 1751 972 1833; x_wconf 89' lang='lat' dir='ltr'>exponendis</span> <span class='ocrx_word' id='word_1_106' title='bbox 998 1752 1093 1814; x_wconf 92' lang='lat' dir='ltr'>ratio·</span> 
     </span>
     <span class='ocr_line' id='line_1_15' title="bbox 59 1860 1092 1943; baseline 0.002 -23"><span class='ocrx_word' id='word_1_107' title='bbox 59 1860 144 1924; x_wconf 92' lang='lat' dir='ltr'>nibus</span> <span class='ocrx_word' id='word_1_108' title='bbox 160 1861 399 1943; x_wconf 88' lang='lat' dir='ltr'>comprobabis,</span> <span class='ocrx_word' id='word_1_109' title='bbox 418 1869 452 1923; x_wconf 93' lang='lat' dir='ltr'>et</span> <span class='ocrx_word' id='word_1_110' title='bbox 469 1860 497 1922; x_wconf 93' lang='lat' dir='ltr'>si</span> <span class='ocrx_word' id='word_1_111' title='bbox 514 1860 659 1934; x_wconf 86' lang='lat' dir='ltr'>liberius,</span> <span class='ocrx_word' id='word_1_112' title='bbox 678 1868 714 1921; x_wconf 92' lang='lat' dir='ltr'>ut</span> <span class='ocrx_word' id='word_1_113' title='bbox 732 1860 911 1934; x_wconf 87' lang='lat' dir='ltr'>consuesti,</span> <span class='ocrx_word' id='word_1_114' title='bbox 926 1860 1092 1940; x_wconf 87' lang='lat' dir='ltr'>agendum</span> 
     </span>
     <span class='ocr_line' id='line_1_16' title="bbox 58 1967 1092 2049; baseline 0 -20"><span class='ocrx_word' id='word_1_115' title='bbox 58 1970 185 2047; x_wconf 90' lang='lat' dir='ltr'>putabis,</span> <span class='ocrx_word' id='word_1_116' title='bbox 211 1969 392 2032; x_wconf 91' lang='lat' dir='ltr'>multorum</span> <span class='ocrx_word' id='word_1_117' title='bbox 421 1969 453 2031; x_wconf 94' lang='lat' dir='ltr'>in</span> <span class='ocrx_word' id='word_1_118' title='bbox 488 1988 549 2031; x_wconf 91' lang='lat' dir='ltr'>nos</span> <span class='ocrx_word' id='word_1_119' title='bbox 577 1968 747 2049; x_wconf 89' lang='lat' dir='ltr'>perfidiam</span> <span class='ocrx_word' id='word_1_120' title='bbox 774 1967 907 2030; x_wconf 93' lang='lat' dir='ltr'>insidias</span> <span class='ocrx_word' id='word_1_121' title='bbox 939 1967 1092 2048; x_wconf 90' lang='lat' dir='ltr'>proditio·</span> 
     </span>
     <span class='ocr_line' id='line_1_17' title="bbox 59 2075 1092 2142; baseline 0.002 -5"><span class='ocrx_word' id='word_1_122' title='bbox 59 2095 125 2139; x_wconf 90' lang='lat' dir='ltr'>nem</span> <span class='ocrx_word' id='word_1_123' title='bbox 151 2078 292 2142; x_wconf 89' lang='lat' dir='ltr'>notabis.</span> <span class='ocrx_word' id='word_1_124' title='bbox 352 2076 495 2141; x_wconf 90' lang='lat' dir='ltr'>Multam</span> <span class='ocrx_word' id='word_1_125' title='bbox 521 2076 620 2140; x_wconf 90' lang='lat' dir='ltr'>etiam</span> <span class='ocrx_word' id='word_1_126' title='bbox 645 2096 741 2139; x_wconf 89' lang='lat' dir='ltr'>casus</span> <span class='ocrx_word' id='word_1_127' title='bbox 768 2075 874 2139; x_wconf 90' lang='lat' dir='ltr'>nostri</span> <span class='ocrx_word' id='word_1_128' title='bbox 897 2075 1092 2139; x_wconf 91' lang='lat' dir='ltr'>varietatem</span> 
     </span>
     <span class='ocr_line' id='line_1_18' title="bbox 59 2184 1093 2269; baseline 0.002 -24"><span class='ocrx_word' id='word_1_129' title='bbox 59 2184 110 2247; x_wconf 90' lang='lat' dir='ltr'>tibi</span> <span class='ocrx_word' id='word_1_130' title='bbox 123 2187 155 2249; x_wconf 91' lang='lat' dir='ltr'>in</span> <span class='ocrx_word' id='word_1_131' title='bbox 171 2188 348 2251; x_wconf 90' lang='lat' dir='ltr'>scribendo</span> <span class='ocrx_word' id='word_1_132' title='bbox 366 2186 625 2269; x_wconf 91' lang='lat' dir='ltr'>suppeditabunt</span> <span class='ocrx_word' id='word_1_133' title='bbox 643 2185 775 2267; x_wconf 93' lang='lat' dir='ltr'>plenam</span> <span class='ocrx_word' id='word_1_134' title='bbox 794 2185 964 2248; x_wconf 90' lang='lat' dir='ltr'>cuiusdam</span> <span class='ocrx_word' id='word_1_135' title='bbox 981 2184 1093 2267; x_wconf 93' lang='lat' dir='ltr'>volup·</span> 
     </span>
     <span class='ocr_line' id='line_1_19' title="bbox 59 2292 1092 2377; baseline 0.003 -25"><span class='ocrx_word' id='word_1_136' title='bbox 59 2295 134 2369; x_wconf 90' lang='lat' dir='ltr'>tatis,</span> <span class='ocrx_word' id='word_1_137' title='bbox 152 2316 236 2377; x_wconf 89' lang='lat' dir='ltr'>quae</span> <span class='ocrx_word' id='word_1_138' title='bbox 252 2296 471 2357; x_wconf 90' lang='lat' dir='ltr'>vehementer</span> <span class='ocrx_word' id='word_1_139' title='bbox 487 2294 614 2356; x_wconf 91' lang='lat' dir='ltr'>animos</span> <span class='ocrx_word' id='word_1_140' title='bbox 631 2293 803 2355; x_wconf 92' lang='lat' dir='ltr'>hominum</span> <span class='ocrx_word' id='word_1_141' title='bbox 828 2293 860 2354; x_wconf 95' lang='lat' dir='ltr'>in</span> <span class='ocrx_word' id='word_1_142' title='bbox 886 2292 1038 2375; x_wconf 89' lang='lat' dir='ltr'>legendo,</span> <span class='ocrx_word' id='word_1_143' title='bbox 1057 2302 1092 2355; x_wconf 93' lang='lat' dir='ltr'>te</span> 
     </span>
     <span class='ocr_line' id='line_1_20' title="bbox 60 2401 1092 2486; baseline 0.002 -24"><span class='ocrx_word' id='word_1_144' title='bbox 60 2402 213 2483; x_wconf 90' lang='lat' dir='ltr'>scriptore,</span> <span class='ocrx_word' id='word_1_145' title='bbox 233 2412 350 2467; x_wconf 92' lang='lat' dir='ltr'>tenere</span> <span class='ocrx_word' id='word_1_146' title='bbox 366 2403 488 2486; x_wconf 89' lang='lat' dir='ltr'>possit;</span> <span class='ocrx_word' id='word_1_147' title='bbox 514 2401 594 2464; x_wconf 92' lang='lat' dir='ltr'>nihil</span> <span class='ocrx_word' id='word_1_148' title='bbox 613 2412 664 2464; x_wconf 91' lang='lat' dir='ltr'>est</span> <span class='ocrx_word' id='word_1_149' title='bbox 682 2402 770 2463; x_wconf 92' lang='lat' dir='ltr'>enim</span> <span class='ocrx_word' id='word_1_150' title='bbox 795 2402 903 2483; x_wconf 90' lang='lat' dir='ltr'>aptius</span> <span class='ocrx_word' id='word_1_151' title='bbox 928 2402 968 2463; x_wconf 92' lang='lat' dir='ltr'>ad</span> <span class='ocrx_word' id='word_1_152' title='bbox 986 2401 1092 2464; x_wconf 90' lang='lat' dir='ltr'>delec-</span> 
     </span>
     <span class='ocr_line' id='line_1_21' title="bbox 60 2508 1092 2593; baseline 0.004 -26"><span class='ocrx_word' id='word_1_153' title='bbox 60 2509 204 2573; x_wconf 88' lang='lat' dir='ltr'>tationem</span> <span class='ocrx_word' id='word_1_154' title='bbox 229 2511 363 2574; x_wconf 88' lang='lat' dir='ltr'>lectoris</span> <span class='ocrx_word' id='word_1_155' title='bbox 388 2531 485 2593; x_wconf 93' lang='lat' dir='ltr'>quam</span> <span class='ocrx_word' id='word_1_156' title='bbox 511 2520 699 2591; x_wconf 92' lang='lat' dir='ltr'>temporum</span> <span class='ocrx_word' id='word_1_157' title='bbox 723 2510 899 2571; x_wconf 90' lang='lat' dir='ltr'>varietates</span> <span class='ocrx_word' id='word_1_158' title='bbox 924 2508 1092 2571; x_wconf 83' lang='lat' dir='ltr'>fortunae·</span> 
     </span>
     <span class='ocr_line' id='line_1_22' title="bbox 60 2616 1091 2700; baseline 0.002 -23"><span class='ocrx_word' id='word_1_159' title='bbox 60 2635 114 2695; x_wconf 93' lang='lat' dir='ltr'>que</span> <span class='ocrx_word' id='word_1_160' title='bbox 128 2618 378 2682; x_wconf 91' lang='lat' dir='ltr'>vicissitudines.</span> <span class='ocrx_word' id='word_1_161' title='bbox 431 2620 527 2700; x_wconf 82' lang='lat' dir='ltr'>Quae</span> <span class='ocrx_word' id='word_1_162' title='bbox 544 2618 608 2680; x_wconf 90' lang='lat' dir='ltr'>etsi</span> <span class='ocrx_word' id='word_1_163' title='bbox 625 2617 721 2680; x_wconf 93' lang='lat' dir='ltr'>nobis</span> <span class='ocrx_word' id='word_1_164' title='bbox 738 2616 900 2699; x_wconf 92' lang='lat' dir='ltr'>optabiles</span> <span class='ocrx_word' id='word_1_165' title='bbox 917 2617 951 2677; x_wconf 95' lang='lat' dir='ltr'>in</span> <span class='ocrx_word' id='word_1_166' title='bbox 968 2617 1091 2698; x_wconf 84' lang='lat' dir='ltr'>experi-</span> 
     </span>
     <span class='ocr_line' id='line_1_23' title="bbox 60 2724 1088 2807; baseline 0.005 -25"><span class='ocrx_word' id='word_1_167' title='bbox 60 2725 134 2787; x_wconf 92' lang='lat' dir='ltr'>endo</span> <span class='ocrx_word' id='word_1_168' title='bbox 156 2746 221 2788; x_wconf 95' lang='lat' dir='ltr'>non</span> <span class='ocrx_word' id='word_1_169' title='bbox 246 2726 394 2801; x_wconf 85' lang='lat' dir='ltr'>fuerunt,</span> <span class='ocrx_word' id='word_1_170' title='bbox 416 2727 449 2788; x_wconf 93' lang='lat' dir='ltr'>in</span> <span class='ocrx_word' id='word_1_171' title='bbox 475 2726 618 2807; x_wconf 88' lang='lat' dir='ltr'>legendo</span> <span class='ocrx_word' id='word_1_172' title='bbox 644 2735 757 2787; x_wconf 89' lang='lat' dir='ltr'>tamen</span> <span class='ocrx_word' id='word_1_173' title='bbox 785 2734 883 2787; x_wconf 91' lang='lat' dir='ltr'>erunt</span> <span class='ocrx_word' id='word_1_174' title='bbox 910 2724 1073 2787; x_wconf 91' lang='lat' dir='ltr'>iucundae</span> <span class='ocrx_word' id='word_1_175' title='bbox 1081 2746 1088 2800; x_wconf 94' lang='lat'>;</span> 
     </span>
     <span class='ocr_line' id='line_1_24' title="bbox 60 2829 1090 2916; baseline 0.003 -24"><span class='ocrx_word' id='word_1_176' title='bbox 60 2829 146 2895; x_wconf 91' lang='lat' dir='ltr'>habet</span> <span class='ocrx_word' id='word_1_177' title='bbox 162 2834 250 2897; x_wconf 94' lang='lat' dir='ltr'>enim</span> <span class='ocrx_word' id='word_1_178' title='bbox 272 2835 443 2916; x_wconf 87' lang='lat' dir='ltr'>praeteriti</span> <span class='ocrx_word' id='word_1_179' title='bbox 458 2834 581 2897; x_wconf 90' lang='lat' dir='ltr'>doloris</span> <span class='ocrx_word' id='word_1_180' title='bbox 606 2854 723 2896; x_wconf 92' lang='lat' dir='ltr'>secura</span> <span class='ocrx_word' id='word_1_181' title='bbox 747 2832 932 2895; x_wconf 87' lang='lat' dir='ltr'>recordatio</span> <span class='ocrx_word' id='word_1_182' title='bbox 949 2832 1090 2896; x_wconf 91' lang='lat' dir='ltr'>delecta-</span> 
     </span>
     <span class='ocr_line' id='line_1_25' title="bbox 60 2938 1124 3023; baseline 0.005 -25"><span class='ocrx_word' id='word_1_183' title='bbox 60 2938 178 3005; x_wconf 91' lang='lat' dir='ltr'>tionem.</span> <span class='ocrx_word' id='word_1_184' title='bbox 228 2942 358 3006; x_wconf 90' lang='lat' dir='ltr'>Ceteris</span> <span class='ocrx_word' id='word_1_185' title='bbox 374 2962 453 3005; x_wconf 90' lang='lat' dir='ltr'>vero</span> <span class='ocrx_word' id='word_1_186' title='bbox 472 2942 561 3005; x_wconf 89' lang='lat' dir='ltr'>nulla</span> <span class='ocrx_word' id='word_1_187' title='bbox 577 2941 763 3023; x_wconf 84' lang='lat' dir='ltr'>perfunctis</span> <span class='ocrx_word' id='word_1_188' title='bbox 780 2941 911 3022; x_wconf 91' lang='lat' dir='ltr'>propria</span> <span class='ocrx_word' id='word_1_189' title='bbox 927 2940 1089 3016; x_wconf 90' lang='lat' dir='ltr'>molestia,</span> <span class='ocrx_word' id='word_1_190' title='bbox 1111 2968 1124 3019; x_wconf 85' lang='lat'>5</span> 
     </span>
    </p>
   </div>
   <div class='ocr_carea' id='block_1_3' title="bbox 63 3115 1091 3845">
    <p class='ocr_par' dir='ltr' id='par_1_3' title="bbox 63 3115 1090 3317">
     <span class='ocr_line' id='line_1_26' title="bbox 63 3115 1088 3177; baseline -0.001 -14"><span class='ocrx_word' id='word_1_191' title='bbox 63 3124 128 3177; x_wconf 81' lang='lat'>7·33.</span> <span class='ocrx_word' id='word_1_192' title='bbox 148 3130 176 3164; x_wconf 93' lang='lat'>10</span> <span class='ocrx_word' id='word_1_193' title='bbox 199 3133 259 3165; x_wconf 87' lang='lat' dir='ltr'>nam</span> <span class='ocrx_word' id='word_1_194' title='bbox 284 3133 328 3165; x_wconf 90' lang='lat' dir='ltr'>nec</span> <span class='ocrx_word' id='word_1_195' title='bbox 345 3119 452 3166; x_wconf 79' lang='lat' dir='ltr'>historia</span> <span class='ocrx_word' id='word_1_196' title='bbox 475 3117 543 3165; x_wconf 84' lang='lat' dir='ltr'>debet</span> <span class='ocrx_word' id='word_1_197' title='bbox 594 3116 796 3165; x_wconf 84' lang='lat' dir='ltr'>-Herculem</span> <span class='ocrx_word' id='word_1_198' title='bbox 833 3115 1088 3177; x_wconf 85' lang='lat' dir='ltr'>Xenophontium:</span> 
     </span>
     <span class='ocr_line' id='line_1_27' title="bbox 63 3181 1090 3247; baseline 0.004 -21"><span class='ocrx_word' id='word_1_199' title='bbox 63 3182 134 3239; x_wconf 78' lang='lat' dir='ltr'>egredi</span> <span class='ocrx_word' id='word_1_200' title='bbox 149 3185 277 3231; x_wconf 80' lang='lat' dir='ltr'>veritatem</span> <span class='ocrx_word' id='word_1_201' title='bbox 299 3190 324 3231; x_wconf 88' lang='lat' dir='ltr'>et</span> <span class='ocrx_word' id='word_1_202' title='bbox 344 3186 444 3232; x_wconf 81' lang='lat' dir='ltr'>honeste</span> <span class='ocrx_word' id='word_1_203' title='bbox 459 3183 541 3247; x_wconf 82' lang='lat' dir='ltr'>sactis</span> <span class='ocrx_word' id='word_1_204' title='bbox 592 3182 624 3230; x_wconf 86' lang='lat' dir='ltr'>cf.</span> <span class='ocrx_word' id='word_1_205' title='bbox 638 3184 705 3230; x_wconf 87' lang='lat' dir='ltr'>Xen.</span> <span class='ocrx_word' id='word_1_206' title='bbox 719 3184 797 3229; x_wconf 89' lang='lat' dir='ltr'>Mem.</span> <span class='ocrx_word' id='word_1_207' title='bbox 812 3195 833 3227; x_wconf 91' lang='lat'>2.</span> <span class='ocrx_word' id='word_1_208' title='bbox 849 3195 869 3227; x_wconf 89' lang='lat'>1.</span> <span class='ocrx_word' id='word_1_209' title='bbox 881 3181 1090 3243; x_wconf 88' lang='lat' dir='ltr'>21.-pluscu-</span> 
     </span>
     <span class='ocr_line' id='line_1_28' title="bbox 63 3248 1066 3317; baseline -0.001 -22"><span class='ocrx_word' id='word_1_210' title='bbox 63 3249 140 3317; x_wconf 56' lang='lat' dir='ltr'>periers</span> <span class='ocrx_word' id='word_1_211' title='bbox 160 3251 256 3313; x_wconf 83' lang='lat' dir='ltr'>suffieit.</span> <span class='ocrx_word' id='word_1_212' title='bbox 299 3250 350 3298; x_wconf 90' lang='lat' dir='ltr'>But</span> <span class='ocrx_word' id='word_1_213' title='bbox 374 3250 418 3298; x_wconf 91' lang='lat' dir='ltr'>the</span> <span class='ocrx_word' id='word_1_214' title='bbox 435 3249 541 3312; x_wconf 91' lang='lat' dir='ltr'>prevail·</span> <span class='ocrx_word' id='word_1_215' title='bbox 591 3249 663 3298; x_wconf 81' lang='lat' dir='ltr'>lum:</span> <span class='ocrx_word' id='word_1_216' title='bbox 683 3249 715 3297; x_wconf 84' lang='lat' dir='ltr'>cf.</span> <span class='ocrx_word' id='word_1_217' title='bbox 725 3250 877 3312; x_wconf 78' lang='lat' dir='ltr'>pulchellus,</span> <span class='ocrx_word' id='word_1_218' title='bbox 892 3248 939 3309; x_wconf 90' lang='lat' dir='ltr'>Ep.</span> <span class='ocrx_word' id='word_1_219' title='bbox 954 3249 985 3294; x_wconf 90' lang='lat' dir='ltr'>V.</span> <span class='ocrx_word' id='word_1_220' title='bbox 1001 3261 1030 3295; x_wconf 83' lang='lat' dir='ltr'>ro</span> <span class='ocrx_word' id='word_1_221' title='bbox 1043 3263 1066 3294; x_wconf 90' lang='lat' dir='ltr'>n.</span> 
     </span>
    </p>

    <p class='ocr_par' dir='ltr' id='par_1_4' title="bbox 63 3315 1091 3706">
     <span class='ocr_line' id='line_1_29' title="bbox 63 3315 1089 3380; baseline -0.001 -19"><span class='ocrx_word' id='word_1_222' title='bbox 63 3324 98 3372; x_wconf 82' lang='lat' dir='ltr'>mg</span> <span class='ocrx_word' id='word_1_223' title='bbox 112 3316 208 3364; x_wconf 84' lang='lat' dir='ltr'>ancient</span> <span class='ocrx_word' id='word_1_224' title='bbox 224 3317 378 3379; x_wconf 87' lang='lat' dir='ltr'>conception</span> <span class='ocrx_word' id='word_1_225' title='bbox 397 3316 426 3364; x_wconf 88' lang='lat' dir='ltr'>of</span> <span class='ocrx_word' id='word_1_226' title='bbox 443 3316 542 3380; x_wconf 82' lang='lat' dir='ltr'>history</span> <span class='ocrx_word' id='word_1_227' title='bbox 625 3330 648 3375; x_wconf 82' lang='lat'>4.</span> <span class='ocrx_word' id='word_1_228' title='bbox 663 3316 809 3364; x_wconf 89' lang='lat' dir='ltr'>modicum</span> <span class='ocrx_word' id='word_1_229' title='bbox 818 3315 963 3377; x_wconf 87' lang='lat' dir='ltr'>quoddam</span> <span class='ocrx_word' id='word_1_230' title='bbox 973 3327 1089 3377; x_wconf 89' lang='lat' dir='ltr'>corpus:</span> 
     </span>
     <span class='ocr_line' id='line_1_30' title="bbox 64 3380 1091 3443; baseline 0.002 -18"><span class='ocrx_word' id='word_1_231' title='bbox 64 3390 105 3425; x_wconf 75' lang='lat' dir='ltr'>was</span> <span class='ocrx_word' id='word_1_232' title='bbox 120 3382 191 3430; x_wconf 79' lang='lat' dir='ltr'>alon</span> <span class='ocrx_word' id='word_1_233' title='bbox 202 3398 269 3441; x_wconf 87' lang='lat' dir='ltr'>one;</span> <span class='ocrx_word' id='word_1_234' title='bbox 288 3398 332 3431; x_wconf 88' lang='lat' dir='ltr'>see</span> <span class='ocrx_word' id='word_1_235' title='bbox 350 3383 441 3443; x_wconf 90' lang='lat' dir='ltr'>Quint.</span> <span class='ocrx_word' id='word_1_236' title='bbox 462 3396 499 3430; x_wconf 91' lang='lat'>10.</span> <span class='ocrx_word' id='word_1_237' title='bbox 520 3397 540 3429; x_wconf 91' lang='lat'>1.</span> <span class='ocrx_word' id='word_1_238' title='bbox 592 3390 683 3443; x_wconf 80' lang='lat' dir='ltr'>corpus</span> <span class='ocrx_word' id='word_1_239' title='bbox 700 3383 722 3429; x_wconf 94' lang='lat' dir='ltr'>is</span> <span class='ocrx_word' id='word_1_240' title='bbox 740 3397 773 3429; x_wconf 89' lang='lat' dir='ltr'>an</span> <span class='ocrx_word' id='word_1_241' title='bbox 792 3382 873 3429; x_wconf 88' lang='lat' dir='ltr'>entire</span> <span class='ocrx_word' id='word_1_242' title='bbox 892 3380 1003 3438; x_wconf 85' lang='lat' dir='ltr'>‘work’;</span> <span class='ocrx_word' id='word_1_243' title='bbox 1026 3381 1091 3428; x_wconf 85' lang='lat' dir='ltr'>liber</span> 
     </span>
     <span class='ocr_line' id='line_1_31' title="bbox 64 3446 1089 3511; baseline -0.001 -16"><span class='ocrx_word' id='word_1_244' title='bbox 64 3454 103 3503; x_wconf 84' lang='lat'>31;</span> <span class='ocrx_word' id='word_1_245' title='bbox 119 3446 220 3497; x_wconf 83' lang='lat' dir='ltr'>SenN.</span> <span class='ocrx_word' id='word_1_246' title='bbox 236 3449 265 3508; x_wconf 81' lang='lat' dir='ltr'>Q.</span> <span class='ocrx_word' id='word_1_247' title='bbox 285 3463 306 3509; x_wconf 92' lang='lat'>7.</span> <span class='ocrx_word' id='word_1_248' title='bbox 328 3448 365 3497; x_wconf 88' lang='lat'>16.</span> <span class='ocrx_word' id='word_1_249' title='bbox 385 3463 405 3505; x_wconf 94' lang='lat'>1,</span> <span class='ocrx_word' id='word_1_250' title='bbox 420 3464 441 3496; x_wconf 92' lang='lat'>2.</span> <span class='ocrx_word' id='word_1_251' title='bbox 472 3449 541 3496; x_wconf 91' lang='lat' dir='ltr'>Both</span> <span class='ocrx_word' id='word_1_252' title='bbox 592 3456 677 3511; x_wconf 88' lang='lat' dir='ltr'>apart</span> <span class='ocrx_word' id='word_1_253' title='bbox 690 3448 818 3511; x_wconf 89' lang='lat' dir='ltr'>complete</span> <span class='ocrx_word' id='word_1_254' title='bbox 831 3448 857 3495; x_wconf 93' lang='lat' dir='ltr'>in</span> <span class='ocrx_word' id='word_1_255' title='bbox 873 3447 1089 3496; x_wconf 84' lang='lat' dir='ltr'>itself.—habet</span> 
     </span>
     <span class='ocr_line' id='line_1_32' title="bbox 65 3509 1089 3564; baseline 0 -5"><span class='ocrx_word' id='word_1_256' title='bbox 65 3509 151 3562; x_wconf 76' lang='lat' dir='ltr'>Atticus</span> <span class='ocrx_word' id='word_1_257' title='bbox 168 3515 219 3563; x_wconf 89' lang='lat' dir='ltr'>and</span> <span class='ocrx_word' id='word_1_258' title='bbox 239 3516 331 3564; x_wconf 88' lang='lat' dir='ltr'>Cicero</span> <span class='ocrx_word' id='word_1_259' title='bbox 350 3524 429 3564; x_wconf 87' lang='lat' dir='ltr'>wrote</span> <span class='ocrx_word' id='word_1_260' title='bbox 448 3530 481 3563; x_wconf 89' lang='lat' dir='ltr'>an</span> <span class='ocrx_word' id='word_1_261' title='bbox 502 3530 541 3563; x_wconf 91' lang='lat' dir='ltr'>ac·</span> <span class='ocrx_word' id='word_1_262' title='bbox 593 3550 599 3562; x_wconf 95' lang='lat'><strong><em>.</em></strong></span> <span class='ocrx_word' id='word_1_263' title='bbox 619 3550 626 3563; x_wconf 89' lang='lat'><strong>.</strong></span> <span class='ocrx_word' id='word_1_264' title='bbox 647 3515 909 3563; x_wconf 85' lang='lat' dir='ltr'>.delectationem:</span> <span class='ocrx_word' id='word_1_265' title='bbox 929 3513 980 3561; x_wconf 86' lang='lat' dir='ltr'>this</span> <span class='ocrx_word' id='word_1_266' title='bbox 999 3513 1089 3560; x_wconf 88' lang='lat' dir='ltr'>recalls</span> 
     </span>
     <span class='ocr_line' id='line_1_33' title="bbox 64 3580 1089 3645; baseline 0.007 -25"><span class='ocrx_word' id='word_1_267' title='bbox 64 3587 129 3626; x_wconf 91' lang='lat' dir='ltr'>count</span> <span class='ocrx_word' id='word_1_268' title='bbox 149 3581 177 3628; x_wconf 85' lang='lat' dir='ltr'>oi</span> <span class='ocrx_word' id='word_1_269' title='bbox 201 3582 317 3630; x_wconf 87' lang='lat' dir='ltr'>Cicero’s</span> <span class='ocrx_word' id='word_1_270' title='bbox 340 3582 491 3645; x_wconf 88' lang='lat' dir='ltr'>consulship</span> <span class='ocrx_word' id='word_1_271' title='bbox 514 3582 541 3629; x_wconf 94' lang='lat' dir='ltr'>in</span> <span class='ocrx_word' id='word_1_272' title='bbox 592 3582 669 3644; x_wconf 85' lang='lat' dir='ltr'>Verg.</span> <span class='ocrx_word' id='word_1_273' title='bbox 689 3584 752 3628; x_wconf 86' lang='lat' dir='ltr'>Aen.</span> <span class='ocrx_word' id='word_1_274' title='bbox 768 3595 788 3628; x_wconf 91' lang='lat'>1.</span> <span class='ocrx_word' id='word_1_275' title='bbox 805 3594 852 3644; x_wconf 84' lang='lat'>203</span> <span class='ocrx_word' id='word_1_276' title='bbox 868 3582 964 3644; x_wconf 82' lang='lat' dir='ltr'>forsan</span> <span class='ocrx_word' id='word_1_277' title='bbox 985 3586 1009 3627; x_wconf 81' lang='lat' dir='ltr'>et</span> <span class='ocrx_word' id='word_1_278' title='bbox 1029 3580 1089 3627; x_wconf 79' lang='lat' dir='ltr'>haee</span> 
     </span>
     <span class='ocr_line' id='line_1_34' title="bbox 64 3640 932 3706; baseline -0.001 -14"><span class='ocrx_word' id='word_1_279' title='bbox 64 3640 150 3706; x_wconf 76' lang='lat' dir='ltr'>Greelr3</span> <span class='ocrx_word' id='word_1_280' title='bbox 175 3648 207 3696; x_wconf 84' lang='lat' dir='ltr'>ci.</span> <span class='ocrx_word' id='word_1_281' title='bbox 231 3651 284 3696; x_wconf 82' lang='lat' dir='ltr'>Aet.</span> <span class='ocrx_word' id='word_1_282' title='bbox 306 3663 328 3695; x_wconf 90' lang='lat'>2.</span> <span class='ocrx_word' id='word_1_283' title='bbox 355 3662 375 3695; x_wconf 93' lang='lat'>1.</span> <span class='ocrx_word' id='word_1_284' title='bbox 398 3662 419 3706; x_wconf 91' lang='lat'>1,</span> <span class='ocrx_word' id='word_1_285' title='bbox 440 3662 460 3695; x_wconf 92' lang='lat'>2.</span> <span class='ocrx_word' id='word_1_286' title='bbox 474 3678 506 3685; x_wconf 92' lang='lat'><em>-</em></span> <span class='ocrx_word' id='word_1_287' title='bbox 524 3662 540 3695; x_wconf 83' lang='lat' dir='ltr'>a</span> <span class='ocrx_word' id='word_1_288' title='bbox 592 3649 651 3696; x_wconf 86' lang='lat' dir='ltr'>olim</span> <span class='ocrx_word' id='word_1_289' title='bbox 669 3650 813 3695; x_wconf 86' lang='lat' dir='ltr'>meminisse</span> <span class='ocrx_word' id='word_1_290' title='bbox 829 3648 932 3695; x_wconf 75' lang='lat' dir='ltr'>invehet.</span> 
     </span>
    </p>

    <p class='ocr_par' dir='ltr' id='par_1_5' title="bbox 63 3711 1089 3845">
     <span class='ocr_line' id='line_1_35' title="bbox 64 3711 1089 3778; baseline -0.001 -19"><span class='ocrx_word' id='word_1_291' title='bbox 64 3720 123 3769; x_wconf 80' lang='lat' dir='ltr'>qua:</span> <span class='ocrx_word' id='word_1_292' title='bbox 142 3713 184 3762; x_wconf 83' lang='lat' dir='ltr'>the</span> <span class='ocrx_word' id='word_1_293' title='bbox 203 3730 250 3762; x_wconf 89' lang='lat' dir='ltr'>use</span> <span class='ocrx_word' id='word_1_294' title='bbox 268 3714 298 3762; x_wconf 85' lang='lat' dir='ltr'>of</span> <span class='ocrx_word' id='word_1_295' title='bbox 317 3715 361 3763; x_wconf 90' lang='lat' dir='ltr'>the</span> <span class='ocrx_word' id='word_1_296' title='bbox 380 3715 540 3777; x_wconf 88' lang='lat' dir='ltr'>preposition</span> <span class='ocrx_word' id='word_1_297' title='bbox 627 3726 648 3778; x_wconf 82' lang='lat'>5.</span> <span class='ocrx_word' id='word_1_298' title='bbox 674 3714 801 3762; x_wconf 85' lang='lat' dir='ltr'>ceteris.</span> <span class='ocrx_word' id='word_1_299' title='bbox 827 3748 834 3761; x_wconf 87' lang='lat'><strong>.</strong></span> <span class='ocrx_word' id='word_1_300' title='bbox 859 3711 1023 3761; x_wconf 79' lang='lat' dir='ltr'>‚iucundaz</span> <span class='ocrx_word' id='word_1_301' title='bbox 1047 3711 1089 3759; x_wconf 85' lang='lat' dir='ltr'>for</span> 
     </span>
     <span class='ocr_line' id='line_1_36' title="bbox 63 3774 1088 3845; baseline 0.003 -24"><span class='ocrx_word' id='word_1_302' title='bbox 63 3774 134 3826; x_wconf 80' lang='lat' dir='ltr'>shows</span> <span class='ocrx_word' id='word_1_303' title='bbox 151 3780 206 3829; x_wconf 89' lang='lat' dir='ltr'>that</span> <span class='ocrx_word' id='word_1_304' title='bbox 225 3782 353 3843; x_wconf 65' lang='lat' dir='ltr'>graneis</span> <span class='ocrx_word' id='word_1_305' title='bbox 375 3781 540 3845; x_wconf 87' lang='lat' dir='ltr'>personified.</span> <span class='ocrx_word' id='word_1_306' title='bbox 593 3780 636 3829; x_wconf 89' lang='lat' dir='ltr'>the</span> <span class='ocrx_word' id='word_1_307' title='bbox 655 3781 801 3835; x_wconf 86' lang='lat' dir='ltr'>sentiment,</span> <span class='ocrx_word' id='word_1_308' title='bbox 813 3779 846 3825; x_wconf 82' lang='lat' dir='ltr'>ci.</span> <span class='ocrx_word' id='word_1_309' title='bbox 866 3780 940 3825; x_wconf 87' lang='lat' dir='ltr'>Lucr.</span> <span class='ocrx_word' id='word_1_310' title='bbox 958 3792 1088 3838; x_wconf 88' lang='lat'>2.1-4.-</span> 
     </span>
    </p>
   </div>
   <div class='ocr_carea' id='block_1_4' title="bbox 0 0 1310 4200">
    <p class='ocr_par' dir='ltr' id='par_1_6' title="bbox 0 0 1310 4200">
     <span class='ocr_line' id='line_1_37' title="bbox 0 0 1310 4200; baseline 0 0"><span class='ocrx_word' id='word_1_311' title='bbox 0 0 1310 4200; x_wconf 95' lang='lat' dir='ltr'> </span> 
     </span>
    </p>
   </div>
  </div>
 </body>
</html>
