2575 4200
207 255 255 308 118
542 255 711 308 crcnno‘s
738 257 911 307 narrans.
1062 256 1119 322 [up.
1133 255 1222 307 xxm

207 445 343 508 eaquae
356 424 461 489 voluit
477 427 520 488 de
537 426 606 489 suis
624 427 809 489 commodis
826 436 859 488 et
877 427 1035 508 praemiis
1052 435 1224 491 consecutus

206 544 268 608 est,
287 553 395 596 meme
412 534 528 596 habuit
546 554 680 597 suorum
699 535 914 598 defensorum
931 545 965 598 et
982 536 1158 599 amicorum
1174 535 1225 596 iere

207 641 401 724 principem,
418 653 450 704 ct
469 643 532 704 iam
551 663 569 704 a
588 643 747 718 Phaedro,
763 643 818 725 qui
837 644 943 718 nobis,
960 665 1036 707 cum
1055 644 1145 727 pueri
1161 663 1225 705 esse-

207 771 290 823 muS,
317 760 396 812 ante
421 771 519 832 quam
547 751 720 813 Philonem
746 752 974 833 cognovimus,
1002 753 1098 814 valde
1122 762 1154 814 ut
1176 751 1225 832 phi-

206 858 376 939 losophuS,
410 868 528 940 postea
559 868 673 921 tamen
707 869 743 921 ut
775 859 826 921 vir
865 860 974 922 bonus
1008 871 1041 922 et
1075 860 1177 922 suavis
1203 869 1225 917 et

206 966 375 1029 officiosus
401 967 613 1048 probabatur,
639 967 797 1030 traditus·
816 967 898 1029 mihi
932 970 1225 1047 commendatusque

175 1083 268 1149 3est.
319 1074 353 1136 Is
371 1073 472 1156 igitur
494 1075 592 1136 Patro
610 1095 685 1137 cum
708 1076 749 1137 ad
767 1095 819 1138 me
839 1076 980 1138 Romam
1000 1076 1129 1138 litteras
1145 1074 1226 1136 misis-

207 1193 268 1256 set,
297 1183 345 1244 uti
372 1192 407 1245 te
434 1182 497 1244 sibi
525 1182 690 1263 placarem
723 1194 939 1265 peteremque
968 1193 1005 1245 ut
1032 1184 1145 1246 nescio
1167 1181 1225 1263 quid

206 1289 287 1352 illud
305 1290 440 1370 Epicuri
458 1290 777 1371 parietinarum-sibi
795 1291 1006 1365 concederes,
1025 1291 1109 1353 nihil
1133 1288 1226 1369 scripsi

205 1399 246 1460 ad
267 1407 302 1460 te
327 1399 370 1461 ob
395 1418 468 1461 eam
493 1419 572 1473 rem,
592 1400 680 1480 quod
704 1399 946 1462 aedificationis
972 1408 1050 1462 tuae
1075 1399 1225 1462 consilium

206 1507 497 1569 commendatione
522 1528 596 1570 mea
620 1507 774 1570 nolebam
801 1508 970 1589 impediri;
996 1507 1094 1582 idem,
1113 1518 1147 1569 ut
1169 1503 1226 1567 veni

206 1613 372 1687 Athenas,
391 1615 571 1677 cumidem
597 1615 637 1676 ad
663 1624 698 1677 te
724 1616 902 1679 scriberem
928 1625 1090 1696 rogasset,
1110 1617 1150 1678 ob
1171 1632 1226 1675 eam

141 1753 145 1761 ·
206 1742 339 1784 causam
357 1722 556 1803 impetravit,
576 1723 665 1803 quod
690 1732 724 1784 te
749 1723 912 1786 abiecisse
937 1723 1025 1786 illam
1051 1721 1227 1786 aedificatio-

171 1863 187 1907 4
206 1849 282 1891 nem
300 1830 475 1892 constabat
493 1829 581 1892 inter
597 1850 714 1893 omnes
739 1831 864 1894 amicos
889 1840 975 1894 tuos.
1026 1831 1125 1914 Quod
1149 1831 1173 1893 si
1194 1830 1228 1889 ita

205 1948 257 1999 est
284 1948 317 2000 et
345 1938 372 2000 si
399 1938 463 1999 iam
490 1947 549 2000 tua
575 1938 673 2019 plane
700 1939 782 2000 nihil
811 1939 962 2015 interest,
990 1940 1100 2015 velim,
1130 1939 1228 2018 siqua

205 2046 453 2109 offensiuncula
468 2046 557 2110 iacta
575 2057 626 2110 est
643 2047 746 2110 animi
764 2047 813 2110 tui
830 2048 1050 2130 perversitate
1066 2048 1227 2130 aliquorum

204 2194 249 2201 —
262 2155 339 2217 novi
357 2155 445 2217 enim
463 2166 600 2237 gentem
619 2156 781 2231 illam-,
800 2158 859 2219 des
881 2166 916 2219 te
936 2158 976 2219 ad
994 2157 1173 2229 lenitatem,
1189 2152 1227 2214 vel

205 2274 341 2344 propter
365 2284 528 2326 summam
553 2265 809 2340 humanitatem,
827 2265 879 2327 vel
897 2265 996 2327 etiam
1022 2264 1156 2327 honoris
1179 2260 1228 2324 mei

204 2391 312 2433 causa.
363 2372 538 2454 Equidem,
558 2372 681 2454 siquid
699 2374 771 2454 ipse
787 2373 930 2435 sentiam
948 2374 1090 2456 quaeris,
1110 2394 1168 2435 nec
1183 2389 1228 2433 cur
1263 2404 1264 2425 i

204 2479 259 2540 ille
276 2489 452 2559 tantopere
470 2482 650 2542 contendat
669 2481 764 2542 video
782 2500 844 2544 nec
861 2502 920 2543 cur
936 2490 973 2543 tu
991 2501 1164 2563 repugnes,
1178 2476 1228 2541 nisi
1263 2556 1265 2571 ¹

203 2620 238 2667 de
254 2621 316 2668 suis
329 2621 490 2669 commodis
504 2629 531 2668 et
545 2622 698 2683 praemiis:

203 2687 317 2750 possibly
340 2688 395 2735 sees
420 2687 470 2735 due
493 2687 546 2734 him
570 2688 637 2735 from
659 2687 699 2735 his

202 2752 330 2809 students,
341 2756 423 2801 which
434 2755 526 2802 Cicero
539 2753 631 2816 helped
645 2754 698 2801 him

203 2827 230 2866 to
239 2820 337 2867 collect.
346 2849 376 2855 —
387 2835 493 2868 meme:
507 2821 551 2868 the
558 2821 698 2883 colloquial

202 2885 298 2933 double
310 2886 378 2933 form
390 2887 433 2934 for
445 2888 489 2934 the
501 2902 552 2935 acc.
564 2905 570 2943 ς
587 2886 620 2934 ci.
635 2888 698 2933 lntr.

201 2952 232 3012 87
255 2954 268 2999 b
291 2953 341 3000 and
366 2955 410 3001 the
434 2953 530 3001 double
553 2953 621 3000 form
645 2960 697 3010 tete,

204 3020 285 3067 Plaut.
308 3022 385 3081 Epid.
406 3020 446 3076 82,
468 3022 526 3067 Ter.
548 3021 597 3067 Ad.
617 3034 699 3083 33.-

203 3086 345 3135 Phaedr0:
356 3087 400 3134 the
410 3088 553 3149 Epicurean
564 3086 697 3134 Phaedrus

202 3167 252 3199 was
266 3168 315 3200 one
328 3153 357 3199 oi
375 3154 489 3201 Cicero’s
507 3153 562 3200 first
580 3153 697 3201 teachers

201 3218 225 3263 iu
236 3219 399 3282 philosophy.
409 3248 441 3253 —
452 3220 612 3268 Philonem:
631 3221 695 3267 until

200 3284 233 3331 he
246 3300 317 3332 came
330 3293 358 3332 to
373 3286 455 3332 Rome
468 3301 497 3333 as
509 3301 525 3332 a
541 3286 652 3348 fugitive
670 3286 696 3333 in

200 3351 231 3396 88
246 3364 302 3407 uc,
318 3352 392 3398 Philo
404 3350 455 3398 had
475 3352 539 3399 been
554 3353 597 3400 the
609 3352 697 3400 leader

131 3456 134 3460 .
200 3417 228 3462 of
248 3418 291 3465 the
311 3420 376 3465 New
389 3418 522 3481 Academy
539 3427 566 3465 at
585 3419 695 3466 Athens.

202 3484 251 3530 His
273 3484 405 3545 teachings
430 3484 506 3532 made
529 3500 544 3531 a
565 3484 630 3547 deep
652 3486 695 3532 im·

198 3552 314 3610 pressiori
334 3566 402 3612 upon
423 3551 523 3606 Cicer0‚
541 3551 592 3598 and
614 3552 696 3599 deter-

198 3616 284 3663 mined
297 3617 337 3664 his
350 3617 539 3678 philosophical
553 3618 672 3666 attitude.

750 2621 821 2683 good
848 2629 928 2670 terms
953 2622 996 2669 for
1018 2637 1092 2670 some
1116 2621 1227 2670 unknown
1264 2618 1265 2665 3

750 2704 841 2736 reason
854 2707 859 2747 ;
870 2688 901 2735 ci.
912 2691 964 2736 An.
976 2702 996 2752 5.
1007 2702 1044 2735 ιι.
1053 2689 1076 2734 6.
1085 2687 1187 2737 -illud
1196 2720 1201 2733 .
1211 2718 1228 2730 .-

750 2756 973 2817 parietinarum:
998 2755 1057 2802 with
1085 2771 1100 2802 a
1126 2752 1228 2801 minimiz·

750 2822 795 2883 ing
811 2821 897 2877 force;
921 2821 953 2869 ci.
967 2822 1012 2868 hoc
1029 2823 1179 2875 litterarum,
1192 2819 1222 2878 Ep

751 2888 885 2935 XXXIII.
899 2902 914 2951 3
927 2888 1227 2935 n-aedihcationem:

749 2953 790 3001 for
808 2955 962 3017 aedificandi
983 2956 1119 3002 consilium
1143 2954 1227 3015 (Manu-

750 3020 820 3083 tius).

783 3101 805 3146 4.
816 3087 1044 3136 offensiuncula:
1055 3086 1227 3149 cipulckellus.
1263 3108 1264 3161 ,

750 3155 796 3215 Ep.
822 3155 852 3199 V.
880 3168 910 3201 ιο
933 3155 1101 3221 η.-ηἰεί;Ι
1119 3154 1180 3209 Brix,
1203 3163 1227 3195 011

751 3220 832 3267 Plaut.
857 3222 928 3267 Trin.
949 3234 1003 3284 233,
1022 3236 1093 3285 says:
1113 3222 1178 3269 ‘nise'
1192 3218 1227 3264 has

748 3286 815 3334 after
827 3288 946 3348 negative
959 3295 1096 3336 sentences
1108 3288 1154 3350 (in.
1163 3288 1185 3333 in
1194 3280 1227 3331 old

749 3353 834 3415 Latin)
849 3354 893 3401 the
910 3353 981 3402 force
1000 3353 1029 3401 oi
1045 3369 1061 3401 a
1073 3354 1145 3402 weak
1157 3352 1227 3400 adver·

747 3420 829 3468 sative
839 3420 953 3482 particle,
963 3421 1086 3476 however,
1097 3420 1155 3467 but.¹
1172 3415 1227 3465 'This

747 3486 848 3534 archaic
870 3486 942 3535 force
965 3487 987 3535 is
1011 3486 1129 3535 retained
1151 3487 1175 3533 in
1194 3482 1227 3529 the

746 3568 856 3615 passage
872 3552 962 3601 before
981 3568 1028 3610 us;
1047 3552 1080 3600 cf.
1094 3554 1162 3600 nihil
1176 3548 1228 3597 mili

231 3696 254 3745 3.
273 3684 314 3731 uti
327 3691 355 3730 te
369 3683 424 3731 sibi
436 3683 595 3746 placarem:
615 3686 695 3732 Mem·
746 3688 796 3733 erit
806 3686 874 3733 milii
879 3687 1070 3748 gratissimum,
1085 3688 1180 3750 siquae
1194 3680 1228 3730 nli

198 3746 265 3796 mius
279 3748 330 3796 and
348 3750 425 3797 Patro
442 3748 494 3796 had
515 3759 562 3797 not
577 3750 642 3799 been
660 3767 693 3798 on

746 3753 871 3801 mandavi
886 3754 1028 3817 confeceris,
1048 3754 1101 3803 An.
1123 3765 1143 3818 5.
1163 3765 1196 3810 14.
1211 3760 1225 3813 3·

742 3621 844 3681 gratius
853 3620 942 3682 facere
954 3627 1032 3680 potes,
1046 3621 1100 3666 nisi
1115 3627 1193 3667 tamen
1208 3613 1228 3660 il
1262 3614 1263 3673 ξ
