2575 4200
522 210 691 261 creanos
716 209 891 259 narrans.
988 210 1049 275 [ap.
1065 211 1235 259 Lxxxvn

183 380 387 462 respondere
412 388 447 442 te
477 398 563 461 quae
588 377 693 442 facias
726 387 786 440 tuo
811 377 934 441 iudicio
961 388 994 441 et
1020 387 1081 441 tua
1115 389 1236 462 sponte
1273 396 1274 453 l

183 489 304 565 facere,
319 508 382 552 nec
395 488 589 569 cuiusquam
606 506 706 568 egere
720 484 869 561 consilio,
883 495 997 549 tamen
1011 506 1125 569 neque
1139 487 1235 570 plane
1273 542 1274 545 ,

183 597 355 662 adsentior
370 616 414 659 ne
437 596 631 658 imminuam
657 604 749 658 tuam
774 593 917 671 laudem,
936 594 966 657 si
986 595 1097 659 omnis
1116 617 1138 659 a
1154 597 1235 659 meis

183 705 330 771 consiliis
346 704 501 787 prolecta
516 704 676 779 videatur,
693 723 801 785 neque
813 702 909 766 valde
926 723 1033 785 neg03
1050 724 1129 767 sum
1147 706 1234 768 enim
1273 686 1274 737 3

182 814 308 878 avidior
324 814 423 877 etiam
448 833 548 895 quam
565 812 647 876 satis
665 821 717 875 est
739 811 923 894 gloriae,⁴et
940 821 1055 875 tamen
1072 834 1144 876 non
1161 814 1235 876 alie-

182 944 263 986 num
289 932 340 985 est
365 921 531 1004 dignitate
556 929 623 996 tua,
642 922 741 1003 quod.
757 920 819 1002 ipsi
835 920 1095 1002 Agamemnoni,
1117 942 1233 1004 regum

182 1032 262 1113 regi,
288 1030 354 1093 luit
378 1029 568 1104 honestum,
595 1028 719 1092 habere
745 1028 889 1111 aliquem
917 1028 951 1091 in
976 1029 1127 1095 consiliis
1150 1032 1234 1112 capi·
1273 1052 1274 1111 j

183 1140 278 1203 endis
296 1139 487 1214 Nestorem,
506 1137 588 1201 mihi
604 1157 684 1200 vero
708 1135 889 1219 gloriosum
914 1146 949 1200 te
974 1136 1132 1201 iuvenem
1158 1160 1234 1202 con-

182 1248 290 1312 sulem
306 1248 425 1310 florere
441 1247 596 1310 laudibus
613 1246 709 1328 quasi
726 1246 898 1309 alumnum
911 1245 1109 1327 disciplinae
1127 1268 1232 1312 meae.

148 1359 222 1426 3L.
250 1358 385 1439 quidem
412 1354 546 1431 Caesar,
573 1375 649 1419 cum
679 1356 821 1418 adeum
848 1363 1022 1436 aegrotum
1052 1355 1232 1437 Neapolim

180 1466 359 1540 venissem,
392 1484 593 1546 quamquam
626 1472 697 1526 erat
730 1483 910 1545 oppressus
943 1464 1048 1527 totius
1081 1466 1232 1546 corporis

182 1574 351 1638 doloribus
380 1582 502 1647 tamen,
530 1581 733 1654 antequam
762 1592 816 1635 me
848 1571 947 1655 plane
979 1572 1147 1647 salutavit,
1175 1574 1231 1637 .‘O
1273 1636 1274 1651 ,

116 1720 119 1726 ·
181 1682 228 1745 mi
253 1679 392 1755 Cicero,'
418 1680 535 1763 inquit,
565 1680 737 1762 ‘gratulor
773 1680 835 1744 tibi
852 1700 943 1745 ¹eum
976 1689 1108 1744 tantum
1137 1683 1232 1745 vales

180 1790 269 1873 apud
295 1787 514 1862 Dolabellam,
534 1797 697 1869 quantum
722 1788 751 1852 si
775 1809 838 1871 ego
862 1790 950 1870 apud
975 1788 1099 1852 sororis
1124 1790 1230 1853 filium

180 1897 336 1973 valerem,
354 1897 420 1960 iam
437 1896 521 1960 salvi
539 1917 614 1960 esse
630 1917 826 1978 possemus;
853 1895 1048 1961 Dolabellae
1063 1918 1146 1960 vero
1172 1908 1230 1961 tuo

180 2017 215 2071 et
233 2007 383 2089 gratulor
399 2015 433 2069 et
449 2005 575 2087 gratias
592 2025 667 2087 ago,
684 2025 784 2088 quem
802 1988 935 2088 quidem
960 2015 1036 2087 post
1058 2016 1093 2070 te
1111 2028 1230 2070 consu-

102 2133 105 2140 ·
180 2116 246 2180 lem
271 2116 378 2180 solum
410 2134 589 2197 possumus
614 2134 693 2177 vere
718 2114 888 2178 consulem
913 2115 1043 2180 dicere’
1094 2117 1230 2180 Deinde

180 2225 288 2288 multa
302 2224 344 2287 de
360 2224 451 2287 facto
468 2244 506 2286 ac
520 2224 562 2286 de
579 2243 614 2286 re
631 2231 728 2304 gesta
744 2232 821 2286 tua:
846 2223 928 2286 nihil
945 2225 1228 2307 magnificentius,

180 2333 264 2396 nihil
281 2323 489 2414 praeclarius
499 2341 611 2394 actum
633 2352 788 2412 unquam,
807 2330 890 2394 nihil
915 2333 963 2396 rei
986 2355 1018 2415 p.
1038 2334 1227 2398 salutarius.

146 2440 298 2523 4Atque
314 2440 397 2504 haec
414 2460 480 2502 una
496 2460 560 2502 vox
577 2439 726 2502 omnium
744 2449 805 2504 est.
855 2439 889 2502 A
906 2451 941 2504 te
957 2451 1069 2504 autem
1095 2453 1177 2524 peto
1194 2453 1228 2506 ut
1273 2471 1274 2546 q

180 2569 234 2612 me
251 2548 337 2611 hanc
353 2548 447 2629 quasi
463 2547 581 2610 falsam
599 2547 820 2611 hereditatem
836 2549 964 2613 alienae
987 2551 1112 2632 gloriae
1139 2553 1228 2615 sinas
1273 2615 1274 2636 ,

180 2676 327 2731 cernere,
355 2675 474 2737 meque
501 2655 611 2738 aliqua
635 2676 675 2719 ex
694 2666 788 2738 parte
814 2657 847 2719 in
873 2659 1066 2721 societatem
1094 2669 1227 2724 tuarum
1273 2643 1274 2730 l

180 2765 314 2828 laudum
339 2763 454 2826 venire
478 2764 613 2844 patiare.
672 2765 893 2847 Quamquam,
921 2767 966 2828 mi
999 2767 1228 2831 Dolabella—
1273 2763 1274 2784 ³

173 2873 263 2937 vhaec
295 2871 385 2935 enim
418 2872 546 2935 iocatus
580 2872 884 2936 sum—libentius
917 2895 1033 2938 omnes
1066 2896 1171 2952 meas,
1202 2878 1227 2939 si
1273 2877 1274 2930 l

213 3055 236 3090 2.
267 3040 442 3090 Nestorem:
479 3039 608 3089 Nestor's>
628 3055 677 3103 age
725 3040 797 3088 sions
805 3040 834 3088 of
843 3041 966 3098 emotion,
976 3050 1033 3099 etc„
1044 3043 1065 3090 is
1077 3045 1181 3106 regular
1192 3045 1226 3090 till

178 3109 231 3158 and
260 3108 411 3171 experience
440 3107 516 3155 made
546 3107 599 3154 him
632 3104 677 3156 th'e
726 3106 793 3155 alter
806 3107 1160 3158 Cicero'stime.-sororis
1175 3110 1227 3158 fili·
1273 3133 1274 3172 3

178 3174 320 3240 privileged
340 3174 480 3223 counselor
496 3174 525 3222 of
546 3174 587 3222 his
604 3188 677 3222 more
725 3187 790 3223 um:
815 3176 853 3221 i.e.
873 3177 993 3238 Antony;
1012 3176 1046 3224 cf.
1064 3177 1112 3239 Ep.
1136 3177 1157 3223 Ι.
1173 3192 1186 3224 z
1204 3193 1227 3222 n.
1273 3235 1274 3238 Ἴ

179 3242 300 3308 youthful
312 3241 430 3305 superior
447 3243 679 3303 Agamemnon—
761 3256 783 3301 4.
807 3242 999 3289 hereditatem
1091 3255 1226 3290 cernere:
1273 3263 1274 3296 ι

179 3311 314 3359 iuvenem
341 3307 509 3357 consulem:
539 3307 678 3356 Dolabella
729 3307 884 3356 atechnical
897 3316 962 3356 term
976 3307 1041 3356 used
1058 3307 1087 3354 of
1103 3323 1155 3356 one
1167 3309 1226 3356 who
1273 3305 1274 3360 l

178 3376 231 3425 had
248 3377 315 3426 been
327 3374 461 3424 advaneed
479 3383 507 3422 to
520 3374 564 3422 the
577 3375 678 3422 consul·
728 3374 821 3424 wishes
842 3382 870 3422 to
891 3382 981 3436 accept
1000 3389 1033 3421 an
1056 3375 1224 3423 inheritance.
1273 3361 1274 3426 l

178 3443 238 3506 ship
246 3442 387 3508 byCaesar
398 3442 489 3491 before
498 3441 621 3504 reaching
633 3441 677 3489 the
727 3442 840 3489 —haec
862 3441 973 3489 iocatus
998 3455 1076 3488 sum:
1104 3443 1141 3488 i.e.
1166 3443 1227 3490 haer
1273 3433 1274 3504 l

179 3524 228 3572 age
239 3510 359 3574 required
370 3510 404 3573 by
415 3510 472 3557 law.
728 3509 829 3555 iocandi
845 3524 921 3555 causa
939 3508 998 3554 dixi
1002 3524 1013 3564 ,·
1032 3507 1063 3555 cl.
1082 3508 1224 3570 deflndam.
1273 3509 1274 3554 ἶ

213 3589 236 3638 3.
261 3578 295 3623 L.
310 3575 536 3637 Caesar:cf.Ep.
550 3575 679 3622 I.2n.-
729 3575 1006 3635 Ep.XCI.7n.;in
1030 3574 1099 3622 Verr.
1118 3575 1142 3621 ii.
1159 3588 1180 3620 1.
1196 3588 1223 3634 71
1273 3591 1274 3602 ¹

179 3653 247 3690 curn
266 3675 274 3689 .
292 3676 300 3689 .
319 3677 325 3689 .
345 3643 441 3690 vales:
468 3641 512 3688 the
536 3640 678 3688 indicative
728 3641 797 3703 quod
805 3641 981 3701 interpellavit
989 3639 1029 3704 (=
1041 3641 1226 3701 interpellandi

181 3706 242 3755 with
253 3723 310 3755 cum
324 3707 484 3770 explicative,
497 3707 565 3755 after
577 3722 676 3770 expres·
728 3722 804 3754 causa
815 3705 899 3768 dixit)
913 3708 1073 3756 Hortensius.
