2575 4200
165 182 198 232 94
484 139 651 228 crcnnois
677 174 849 222 surinus.

951 149 953 153 ’
1035 171 1095 236 [Ep.
1108 171 1209 220 xxrn

167 347 268 412 metu.
321 348 371 409 Te
396 366 474 408 vero
503 339 662 406 ὑπόθεσιν
692 341 859 405 scribendi
892 339 1059 422 egregiam
1092 339 1211 401 habere

167 457 270 520 video.
324 456 419 538 Quos
437 437 584 526 tu'situS,
604 471 687 534 quas
705 460 841 512 naturas
863 469 972 511 rerum
997 456 1031 509 et
1056 447 1211 520 locorum,

167 585 250 648 quos
270 584 389 637 mores,
403 583 485 644 quas
502 566 632 643 gentes',
645 579 728 641 quas
745 577 885 640 pugnas,
901 576 1091 641 quemtvero
1109 556 1214 636 ipsum
1283 636 1284 649 ¹

168 674 402 754 imperatorem
422 670 539 732 habes!
591 668 665 748 Ego
682 676 716 729 te
736 666 888 739 libenter,
909 674 945 726 ut
973 684 1079 746 rogas,
1098 665 1215 745 quibus
1282 658 1285 732 l

168 783 266 850 rebus
284 781 333 843 vis
360 778 532 852 adiuvab0,
562 785 594 837 et

622 775 683 837 tibi
700 793 817 835 versus
843 793 927 854 quos
953 793 1060 855 rogas,
1079 779 1141 838 hoc
1165 785 1217 837 est
1283 786 1284 791 ’

136 889 345 962 ‘Athenas
360 896 438 950 noc
441 884 538 959 uam,'
556 884 614 946 mit
618 893 697 946 t.am
734 882 801 945 Sed
818 881 902 944 heus
917 884 968 944 tu!
995 883 1093 945 celari
1105 885 1220 946 videor

167 1006 246 1061 ate
290 996 555 1079 Quomodonam‚
577 992 622 1053 mi
638 991 704 1053 ltra
708 1011 751 1064 er,
772 991 814 1052 de
831 990 955 1052 nostris
973 992 1121 1054 versibus
1141 992 1223 1055 Cae-

169 1107 244 1169 sar?
299 1106 385 1168 Nam
410 1105 554 1186 primurn
584 1102 706 1165 librum
734 1122 770 1164 se
797 1101 919 1184 legisse
945 1102 1077 1184 scripsit
1100 1105 1143 1166 ad
1167 1124 1223 1165 me

168 1223 255 1289 ante,
275 1223 309 1276 et
326 1214 432 1295 prima
449 1213 497 1276 sie
516 1223 552 1275 ut
572 1221 675 1294 neget
700 1232 736 1274 se
761 1233 805 1274 ne
832 1213 959 1275 Graeca
975 1213 1105 1294 quidem
1131 1213 1227 1274 meli-

109 1363 110 1366 =
169 1342 226 1384 ora
260 1321 398 1404 legisse;
435 1321 562 1404 reliqua
599 1322 641 1384 ad
676 1323 841 1403 quendam
881 1321 990 1384 locum
1019 1317 1226 1406 ῥαθυμότερα

169 1431 289 1493 —hoc
323 1431 410 1493 enirn
445 1431 568 1492 utimur
598 1430 710 1492 verbe.
746 1430 825 1493 Die
860 1429 942 1492 mihi
970 1451 1108 1492 verum:
1141 1451 1225 1492 num

121 1592 122 1601 ,
170 1548 227 1600 aut
253 1559 306 1601 res
334 1558 409 1601 eum
440 1548 497 1600 aut
527 1535 701 1622 χαρακτὴρ
732 1558 799 1600 non
827 1538 999 1600 delectat?
1050 1537 1142 1600 Nihil
1172 1549 1228 1600 est

170 1647 259 1728 quod
288 1652 438 1721 vereare,
471 1666 534 1728 ego
568 1645 660 1708 enim
691 1666 733 1707 ne
764 1645 831 1726 pilo
860 1646 993 1727 quidem
1027 1646 1138 1708 minus
1171 1666 1230 1707 me

171 1755 296 1817 amabo.
365 1755 439 1816 Hae
463 1755 505 1816 de
530 1774 565 1816 re
590 1749 788 1834 φιλαληθῶς
815 1763 858 1828 et,
887 1762 923 1816 ut
910 1753 1037 1865 tsoles
1064 1753 1229 1828 scribere,

170 1849 328 1926 fraterne.

471 2053 609 2117 xxnr
647 2053 700 2139 <Q
710 2055 760 2136 fr
782 2071 811 2133 3
833 2068 860 2135 s,
879 2055 926 2133 ὁ.)

350 2228 503 2277 MARCVS
529 2229 676 2289 QVINTO
701 2228 839 2277 FRATRI
866 2228 1047 2277 SALVTEM

138 2402 149 2435 1
219 2363 318 2445 Quod
344 2363 476 2444 quaeris
502 2363 581 2444 quid
606 2363 648 2424 de
673 2362 739 2425 illis
765 2362 858 2425 libris
885 2362 1011 2443 egerim
1033 2383 1129 2460 quoS,
1150 2385 1231 2426 cum

170 2490 280 2534 essem
297 2471 330 2532 in
350 2470 510 2545 Cumano,
531 2470 679 2534 scribere
703 2471 844 2545 institui,
866 2491 933 2533 non
961 2471 1089 2533 cessavi
1115 2492 1232 2553 neque

169 2610 239 2659 vices
256 2610 324 2659 from
344 2595 459 2675 Pompey
477 2618 504 2659 to
524 2610 633 2659 Caesar
638 2618 667 2659 at

169 2678 214 2725 the
223 2678 364 2740 beginning
371 2677 400 2725 of
408 2678 451 2725 the
461 2693 527 2741 year
530 2692 666 2727 —versus

191 2758 337 2806 urogas:
360 2744 500 2803 Quintus
494 2760 516 2792 is
536 2744 667 2809 evidently

169 2811 269 2887 writing
276 2826 292 2857 a
299 2825 376 2873 poem
385 2826 418 2858 on
427 2811 531 2859 Caesar'
533 2811 667 2859 sachieve-

169 2878 266 2925 ments
260 2893 285 2924 ιη
295 2876 401 2933 Britain,
408 2876 458 2924 and
467 2886 585 2941 requests
593 2892 667 2925 some

168 2959 256 2991 verses
262 2944 331 2991 from
341 2943 381 2991 his
391 2913 503 2991 brother
523 2944 580 2991 The
589 2959 667 3006 poem

167 3010 190 3058 is
202 3018 249 3057 not
264 3018 360 3059 extant
372 3039 405 3046 —
415 3012 548 3061 Athenas
565 3019 667 3059 noctu-

168 3090 226 3125 am:
248 3076 292 3124 the
313 3079 431 3141 proverb,
446 3081 530 3128 ‘coals
547 3088 575 3127 to
595 3081 669 3127 New·

168 3144 264 3201 casile:
282 3160 311 3193 as
330 3162 366 3194 we
386 3164 438 3213 say,
463 3165 572 3228 appears
590 3148 615 3196 in
634 3148 668 3196 its

168 3210 255 3259 Greek
283 3213 359 3270 form,
384 3211 471 3273 γλαῦκ’
502 3218 533 3263 εἰς
556 3209 668 3275 Milvus,

167 3278 339 3344 fflmw93
349 3282 467 3346 634

203 3358 223 3410 5.
236 3349 309 3397 heus
322 3358 364 3398 tu
375 3350 407 3397 cl.
419 3351 465 3411 Ep.
481 3350 596 3398 XXXV.
606 3363 667 3414 25n.

166 3414 301 3473 —celari,
321 3423 344 3462 to
364 3417 390 3462 be
411 3417 498 3476 kelt'
487 3433 515 3463 m
535 3418 575 3463 the
594 3418 667 3465 dark.

166 3481 242 3528 —de
261 3482 367 3530 nostris
388 3482 532 3531 versibus:
553 3482 668 3531 Cicero’s

166 3557 251 3608 po'ern,
271 3549 300 3595 de
331 3549 493 3607 Temporibus
516 3549 589 3595 Meis.
625 3548 667 3597 Cf.

167 3612 307 3661 alsoFum
325 3627 377 3674 19
394 3628 440 3675 23
462 3614 541 3676 war
557 3629 578 3677 3·
596 3630 614 3661 ¹·
628 3629 667 3674 ²4·

168 3703 200 3713 ..
210 3676 378 3744 ppoupdrspu,
398 3696 414 3725 a
433 3680 500 3743 triste
516 3682 669 3732 careless-

728 2760 776 2801 sar,
801 2744 847 2792 but
872 2744 965 2793 Cicero
989 2744 1103 2793 believes
1126 2746 1188 2793 that
1213 2748 1232 2793 it

727 2825 862 2874 expresses
876 2811 994 2859 Caesar's
1010 2812 1118 2874 opinion
1137 2813 1169 2859 of
1187 2813 1233 2859 the

727 2877 804 2924 latter
815 2886 872 2939 part
886 2877 915 2924 ol
927 2876 971 2925 the
984 2891 1111 2940 poem:—
1119 2892 1159 2927 ne
1172 2879 1231 2942 pilo

726 2944 843 3006 quidem
856 2945 962 3002 minus,
973 2952 1039 2992 nota
1050 2946 1166 2993 wht'tthe
1175 2948 1230 2994 less.

727 3010 768 3057 Cf.
782 3011 825 3059 the
846 3010 943 3058 similar
961 3011 1110 3076 proverbial
1127 3028 1230 3074 expres·

725 3080 803 3137 sions,
818 3098 888 3129 nec
903 3081 1020 3143 ..flocci
1027 3080 1108 3142 facio,
1120 3080 1176 3126 Att
1194 3093 1202 3124 r
1208 3092 1228 3140 3

726 3161 763 3213 5ο.
789 3166 820 3214 3,
847 3169 898 3199 non
935 3164 1010 3197 nauci
1036 3148 1117 3210 jacio,
1144 3146 1228 3193 Plaut

723 3205 816 3266 Bacclz
833 3234 903 3268 1102.

758 3285 865 3333 XXIII.
884 3288 1036 3341 Tusculum,
1051 3284 1118 3339 Oct,
1134 3291 1226 3344 543-0·

759 3365 778 3397 1
798 3353 833 3401 de
859 3353 915 3402 illis
945 3355 1045 3405 libris·
1073 3350 1118 3398 the
1142 3346 1227 3395 books

723 3418 752 3464 ol
769 3419 813 3467 the
825 3421 855 3467 de
868 3422 906 3468 Rc
925 3423 1080 3470 Publica.—
1090 3414 1225 3468 novendi-

722 3485 846 3534 alibus'
839 3487 874 3535 1is
896 3488 991 3536 feriis:
1018 3489 1050 3537 ef.
1073 3489 1129 3537 Cic.
1143 3488 1175 3534 de
1191 3485 1225 3530 Re

721 3552 784 3597 Pub.
801 3566 820 3598 1
837 3567 865 3610 14
881 3570 941 3600 nam
961 3573 1019 3603 cum
1036 3558 1066 3603 P.
1082 3558 1226 3619 Africanus

721 3618 768 3668 tic.
784 3620 952 3681 Paulifilms.
962 3622 1043 3681 seriis
1059 3624 1165 3671 latinis
1183 3624 1223 3669 Tu-

720 3684 809 3732 ditano
825 3692 849 3734 ct
866 3688 972 3751 Aquilio
990 3705 1036 3736 cos
1056 3693 1223 3739 constimasct

728 2613 824 2659 hoc..
838 2614 956 2661 .:verbo
974 2611 1018 2659 the
1030 2611 1102 2661 word
1115 2610 1234 2676 mope-

728 2694 790 2740 τςρα
807 2678 859 2725 had
878 2687 925 2726 not
945 2678 1011 2725 been
1031 2678 1094 2726 used
1113 2678 1149 2743 by
1168 2679 1232 2728 Cae
