<?xml version="1.0" encoding="UTF-8"?>
<!DOCTYPE html PUBLIC "-//W3C//DTD XHTML 1.0 Transitional//EN"
    "http://www.w3.org/TR/xhtml1/DTD/xhtml1-transitional.dtd">
<html xmlns="http://www.w3.org/1999/xhtml" xml:lang="en" lang="en">
 <head>
  <title>
</title>
<meta http-equiv="Content-Type" content="text/html;charset=utf-8" />
  <meta name='ocr-system' content='tesseract 3.04.00' />
  <meta name='ocr-capabilities' content='ocr_page ocr_carea ocr_par ocr_line ocrx_word'/>
</head>
<body>
  <div class='ocr_page' id='page_1' title='image "./selectedletters00unkngoog_0254.png"; bbox 0 0 2575 4200; ppageno 0'>
   <div class='ocr_carea' id='block_1_1' title="bbox 195 188 1235 279">
    <p class='ocr_par' dir='ltr' id='par_1_1' title="bbox 195 188 1235 279">
     <span class='ocr_line' id='line_1_1' title="bbox 195 188 1235 279; baseline -0.002 -15"><span class='ocrx_word' id='word_1_1' title='bbox 195 213 242 265; x_wconf 87' lang='lat'>172</span> <span class='ocrx_word' id='word_1_2' title='bbox 533 216 701 266; x_wconf 76' lang='lat' dir='ltr'>cicano‘s</span> <span class='ocrx_word' id='word_1_3' title='bbox 727 188 900 265; x_wconf 72' lang='lat' dir='ltr'>narrans.</span> <span class='ocrx_word' id='word_1_4' title='bbox 1140 214 1235 279; x_wconf 62' lang='lat' dir='ltr'>[epm</span> 
     </span>
    </p>
   </div>
   <div class='ocr_carea' id='block_1_2' title="bbox 194 383 1237 447">
    <p class='ocr_par' dir='ltr' id='par_1_2' title="bbox 194 383 1237 447">
     <span class='ocr_line' id='line_1_2' title="bbox 194 383 1237 447; baseline 0 -3"><span class='ocrx_word' id='word_1_5' title='bbox 194 383 333 445; x_wconf 90' lang='lat' dir='ltr'>eandem</span> <span class='ocrx_word' id='word_1_6' title='bbox 352 383 515 446; x_wconf 89' lang='lat' dir='ltr'>rationem</span> <span class='ocrx_word' id='word_1_7' title='bbox 532 384 605 446; x_wconf 83' lang='lat' dir='ltr'>fore</span> <span class='ocrx_word' id='word_1_8' title='bbox 626 383 781 447; x_wconf 86' lang='lat' dir='ltr'>Caesaris</span> <span class='ocrx_word' id='word_1_9' title='bbox 806 384 839 445; x_wconf 92' lang='lat' dir='ltr'>in</span> <span class='ocrx_word' id='word_1_10' title='bbox 857 384 1066 446; x_wconf 82' lang='lat' dir='ltr'>dimittendis</span> <span class='ocrx_word' id='word_1_11' title='bbox 1091 384 1237 446; x_wconf 88' lang='lat' dir='ltr'>adversa-</span> 
     </span>
    </p>
   </div>
   <div class='ocr_carea' id='block_1_3' title="bbox 88 481 1271 2195">
    <p class='ocr_par' dir='ltr' id='par_1_3' title="bbox 193 481 1270 790">
     <span class='ocr_line' id='line_1_3' title="bbox 194 481 1237 566; baseline 0 -14"><span class='ocrx_word' id='word_1_12' title='bbox 194 481 251 553; x_wconf 91' lang='lat' dir='ltr'>riis</span> <span class='ocrx_word' id='word_1_13' title='bbox 276 499 310 554; x_wconf 91' lang='lat' dir='ltr'>et</span> <span class='ocrx_word' id='word_1_14' title='bbox 333 491 583 555; x_wconf 89' lang='lat' dir='ltr'>condicionibus</span> <span class='ocrx_word' id='word_1_15' title='bbox 608 492 767 566; x_wconf 85' lang='lat' dir='ltr'>ferendis,</span> <span class='ocrx_word' id='word_1_16' title='bbox 786 512 885 554; x_wconf 85' lang='lat' dir='ltr'>erras</span> <span class='ocrx_word' id='word_1_17' title='bbox 937 491 1030 554; x_wconf 91' lang='lat' dir='ltr'>Nihil</span> <span class='ocrx_word' id='word_1_18' title='bbox 1057 491 1122 554; x_wconf 92' lang='lat' dir='ltr'>nisi</span> <span class='ocrx_word' id='word_1_19' title='bbox 1148 501 1237 553; x_wconf 83' lang='lat' dir='ltr'>atrox</span> 
     </span>
     <span class='ocr_line' id='line_1_4' title="bbox 193 572 1270 683; baseline 0.003 -21"><span class='ocrx_word' id='word_1_20' title='bbox 193 607 228 662; x_wconf 90' lang='lat' dir='ltr'>et</span> <span class='ocrx_word' id='word_1_21' title='bbox 245 619 380 662; x_wconf 92' lang='lat' dir='ltr'>saevum</span> <span class='ocrx_word' id='word_1_22' title='bbox 398 600 523 683; x_wconf 83' lang='lat' dir='ltr'>cogitat</span> <span class='ocrx_word' id='word_1_23' title='bbox 540 609 640 682; x_wconf 89' lang='lat' dir='ltr'>atque</span> <span class='ocrx_word' id='word_1_24' title='bbox 658 600 758 663; x_wconf 90' lang='lat' dir='ltr'>etiam</span> <span class='ocrx_word' id='word_1_25' title='bbox 776 599 930 682; x_wconf 89' lang='lat' dir='ltr'>loquitur.</span> <span class='ocrx_word' id='word_1_26' title='bbox 981 600 1091 661; x_wconf 90' lang='lat' dir='ltr'>Iratus</span> <span class='ocrx_word' id='word_1_27' title='bbox 1108 601 1238 662; x_wconf 88' lang='lat' dir='ltr'>senatui</span> <span class='ocrx_word' id='word_1_28' title='bbox 1269 572 1270 665; x_wconf 83' lang='lat' dir='ltr'>l</span> 
     </span>
     <span class='ocr_line' id='line_1_5' title="bbox 194 706 1237 790; baseline 0 -21"><span class='ocrx_word' id='word_1_29' title='bbox 194 706 283 782; x_wconf 88' lang='lat' dir='ltr'>exiit,</span> <span class='ocrx_word' id='word_1_30' title='bbox 303 707 354 770; x_wconf 93' lang='lat' dir='ltr'>his</span> <span class='ocrx_word' id='word_1_31' title='bbox 372 707 670 771; x_wconf 84' lang='lat' dir='ltr'>intercessionibus</span> <span class='ocrx_word' id='word_1_32' title='bbox 694 708 792 790; x_wconf 93' lang='lat' dir='ltr'>plane</span> <span class='ocrx_word' id='word_1_33' title='bbox 814 707 973 770; x_wconf 87' lang='lat' dir='ltr'>incitatus</span> <span class='ocrx_word' id='word_1_34' title='bbox 998 717 1065 782; x_wconf 90' lang='lat' dir='ltr'>est;</span> <span class='ocrx_word' id='word_1_35' title='bbox 1090 727 1158 769; x_wconf 94' lang='lat' dir='ltr'>non</span> <span class='ocrx_word' id='word_1_36' title='bbox 1176 727 1237 769; x_wconf 90' lang='lat' dir='ltr'>me-</span> 
     </span>
    </p>

    <p class='ocr_par' dir='ltr' id='par_1_4' title="bbox 88 807 1271 2084">
     <span class='ocr_line' id='line_1_6' title="bbox 88 807 1238 897; baseline -0.001 -21"><span class='ocrx_word' id='word_1_37' title='bbox 88 807 89 811; x_wconf 58' lang='grc'>’</span> <span class='ocrx_word' id='word_1_38' title='bbox 161 814 345 878; x_wconf 87' lang='lat' dir='ltr'>zhercules</span> <span class='ocrx_word' id='word_1_39' title='bbox 370 815 433 878; x_wconf 92' lang='lat' dir='ltr'>erit</span> <span class='ocrx_word' id='word_1_40' title='bbox 458 815 686 897; x_wconf 86' lang='lat' dir='ltr'>deprecationi</span> <span class='ocrx_word' id='word_1_41' title='bbox 711 817 812 879; x_wconf 86' lang='lat' dir='ltr'>locus</span> <span class='ocrx_word' id='word_1_42' title='bbox 863 815 986 897; x_wconf 83' lang='lat' dir='ltr'>Quare,</span> <span class='ocrx_word' id='word_1_43' title='bbox 1006 815 1034 877; x_wconf 93' lang='lat' dir='ltr'>si</span> <span class='ocrx_word' id='word_1_44' title='bbox 1058 814 1121 877; x_wconf 88' lang='lat' dir='ltr'>tibi</span> <span class='ocrx_word' id='word_1_45' title='bbox 1145 824 1193 889; x_wconf 92' lang='lat' dir='ltr'>tu,</span> <span class='ocrx_word' id='word_1_46' title='bbox 1213 815 1238 876; x_wconf 92' lang='lat' dir='ltr'>si</span> 
     </span>
     <span class='ocr_line' id='line_1_7' title="bbox 192 922 1237 1006; baseline -0.001 -21"><span class='ocrx_word' id='word_1_47' title='bbox 192 922 279 985; x_wconf 88' lang='lat' dir='ltr'>filius</span> <span class='ocrx_word' id='word_1_48' title='bbox 296 923 424 997; x_wconf 91' lang='lat' dir='ltr'>unicus,</span> <span class='ocrx_word' id='word_1_49' title='bbox 444 923 471 986; x_wconf 91' lang='lat' dir='ltr'>si</span> <span class='ocrx_word' id='word_1_50' title='bbox 489 925 618 997; x_wconf 88' lang='lat' dir='ltr'>domus,</span> <span class='ocrx_word' id='word_1_51' title='bbox 637 924 666 986; x_wconf 91' lang='lat' dir='ltr'>si</span> <span class='ocrx_word' id='word_1_52' title='bbox 683 944 759 1006; x_wconf 92' lang='lat' dir='ltr'>spes</span> <span class='ocrx_word' id='word_1_53' title='bbox 783 934 861 986; x_wconf 90' lang='lat' dir='ltr'>tuae</span> <span class='ocrx_word' id='word_1_54' title='bbox 887 923 1032 1006; x_wconf 89' lang='lat' dir='ltr'>reliquae</span> <span class='ocrx_word' id='word_1_55' title='bbox 1057 923 1119 985; x_wconf 92' lang='lat' dir='ltr'>tibi</span> <span class='ocrx_word' id='word_1_56' title='bbox 1144 943 1237 985; x_wconf 90' lang='lat' dir='ltr'>carae</span> 
     </span>
     <span class='ocr_line' id='line_1_8' title="bbox 193 1030 1235 1113; baseline 0 -21"><span class='ocrx_word' id='word_1_57' title='bbox 193 1039 280 1105; x_wconf 90' lang='lat' dir='ltr'>sunt,</span> <span class='ocrx_word' id='word_1_58' title='bbox 300 1031 328 1092; x_wconf 92' lang='lat' dir='ltr'>si</span> <span class='ocrx_word' id='word_1_59' title='bbox 345 1030 467 1112; x_wconf 89' lang='lat' dir='ltr'>aliquid</span> <span class='ocrx_word' id='word_1_60' title='bbox 485 1033 572 1113; x_wconf 88' lang='lat' dir='ltr'>apud</span> <span class='ocrx_word' id='word_1_61' title='bbox 590 1041 624 1093; x_wconf 91' lang='lat' dir='ltr'>te</span> <span class='ocrx_word' id='word_1_62' title='bbox 647 1051 718 1106; x_wconf 80' lang='lat' dir='ltr'>noS,</span> <span class='ocrx_word' id='word_1_63' title='bbox 738 1031 766 1094; x_wconf 93' lang='lat' dir='ltr'>si</span> <span class='ocrx_word' id='word_1_64' title='bbox 783 1031 833 1093; x_wconf 90' lang='lat' dir='ltr'>vir</span> <span class='ocrx_word' id='word_1_65' title='bbox 855 1031 1011 1112; x_wconf 91' lang='lat' dir='ltr'>optimus,</span> <span class='ocrx_word' id='word_1_66' title='bbox 1029 1051 1134 1112; x_wconf 88' lang='lat' dir='ltr'>gener</span> <span class='ocrx_word' id='word_1_67' title='bbox 1149 1040 1235 1104; x_wconf 88' lang='lat' dir='ltr'>tuus,</span> 
     </span>
     <span class='ocr_line' id='line_1_9' title="bbox 192 1138 1235 1220; baseline 0.001 -20"><span class='ocrx_word' id='word_1_68' title='bbox 192 1138 350 1213; x_wconf 79' lang='lat' dir='ltr'>valemuS,</span> <span class='ocrx_word' id='word_1_69' title='bbox 369 1159 508 1220; x_wconf 93' lang='lat' dir='ltr'>quorum</span> <span class='ocrx_word' id='word_1_70' title='bbox 525 1139 696 1202; x_wconf 82' lang='lat' dir='ltr'>fortunam</span> <span class='ocrx_word' id='word_1_71' title='bbox 714 1161 781 1202; x_wconf 91' lang='lat' dir='ltr'>non</span> <span class='ocrx_word' id='word_1_72' title='bbox 798 1140 900 1203; x_wconf 89' lang='lat' dir='ltr'>debes</span> <span class='ocrx_word' id='word_1_73' title='bbox 917 1139 1003 1201; x_wconf 89' lang='lat' dir='ltr'>velle</span> <span class='ocrx_word' id='word_1_74' title='bbox 1028 1140 1235 1212; x_wconf 90' lang='lat' dir='ltr'>conturbare,</span> 
     </span>
     <span class='ocr_line' id='line_1_10' title="bbox 192 1230 1270 1331; baseline 0 -23"><span class='ocrx_word' id='word_1_75' title='bbox 192 1255 229 1308; x_wconf 90' lang='lat' dir='ltr'>ut</span> <span class='ocrx_word' id='word_1_76' title='bbox 259 1267 331 1308; x_wconf 91' lang='lat' dir='ltr'>eam</span> <span class='ocrx_word' id='word_1_77' title='bbox 360 1267 503 1322; x_wconf 89' lang='lat' dir='ltr'>causam,</span> <span class='ocrx_word' id='word_1_78' title='bbox 530 1247 564 1309; x_wconf 92' lang='lat' dir='ltr'>in</span> <span class='ocrx_word' id='word_1_79' title='bbox 593 1248 711 1331; x_wconf 91' lang='lat' dir='ltr'>quoius</span> <span class='ocrx_word' id='word_1_80' title='bbox 736 1247 876 1310; x_wconf 90' lang='lat' dir='ltr'>victoria</span> <span class='ocrx_word' id='word_1_81' title='bbox 907 1247 996 1309; x_wconf 90' lang='lat' dir='ltr'>salus</span> <span class='ocrx_word' id='word_1_82' title='bbox 1028 1256 1142 1309; x_wconf 90' lang='lat' dir='ltr'>nostra</span> <span class='ocrx_word' id='word_1_83' title='bbox 1175 1256 1235 1320; x_wconf 87' lang='lat' dir='ltr'>est,</span> <span class='ocrx_word' id='word_1_84' title='bbox 1269 1230 1270 1271; x_wconf 55' lang='lat' dir='ltr'>l</span> 
     </span>
     <span class='ocr_line' id='line_1_11' title="bbox 192 1353 1236 1437; baseline -0.001 -21"><span class='ocrx_word' id='word_1_85' title='bbox 192 1353 303 1426; x_wconf 89' lang='lat' dir='ltr'>odisse</span> <span class='ocrx_word' id='word_1_86' title='bbox 321 1364 377 1416; x_wconf 91' lang='lat' dir='ltr'>aut</span> <span class='ocrx_word' id='word_1_87' title='bbox 395 1355 583 1437; x_wconf 88' lang='lat' dir='ltr'>relinquere</span> <span class='ocrx_word' id='word_1_88' title='bbox 596 1376 759 1437; x_wconf 87' lang='lat' dir='ltr'>cogamur</span> <span class='ocrx_word' id='word_1_89' title='bbox 780 1365 836 1418; x_wconf 89' lang='lat' dir='ltr'>aut</span> <span class='ocrx_word' id='word_1_90' title='bbox 862 1355 995 1437; x_wconf 90' lang='lat' dir='ltr'>impiam</span> <span class='ocrx_word' id='word_1_91' title='bbox 1021 1354 1236 1436; x_wconf 88' lang='lat' dir='ltr'>cupiditatem</span> 
     </span>
     <span class='ocr_line' id='line_1_12' title="bbox 193 1452 1271 1544; baseline -0.002 -19"><span class='ocrx_word' id='word_1_92' title='bbox 193 1471 310 1525; x_wconf 89' lang='lat' dir='ltr'>contra</span> <span class='ocrx_word' id='word_1_93' title='bbox 328 1464 468 1525; x_wconf 88' lang='lat' dir='ltr'>salutem</span> <span class='ocrx_word' id='word_1_94' title='bbox 486 1472 578 1526; x_wconf 90' lang='lat' dir='ltr'>tuam</span> <span class='ocrx_word' id='word_1_95' title='bbox 596 1463 986 1544; x_wconf 88' lang='lat' dir='ltr'>habeamus—denique</span> <span class='ocrx_word' id='word_1_96' title='bbox 1011 1462 1088 1524; x_wconf 91' lang='lat' dir='ltr'>illud</span> <span class='ocrx_word' id='word_1_97' title='bbox 1115 1461 1235 1544; x_wconf 90' lang='lat' dir='ltr'>cogita,</span> <span class='ocrx_word' id='word_1_98' title='bbox 1269 1452 1271 1465; x_wconf 69' lang='grc'><strong><em>’</em></strong></span> 
     </span>
     <span class='ocr_line' id='line_1_13' title="bbox 192 1570 1270 1652; baseline -0.002 -19"><span class='ocrx_word' id='word_1_99' title='bbox 192 1571 280 1652; x_wconf 93' lang='lat' dir='ltr'>quod</span> <span class='ocrx_word' id='word_1_100' title='bbox 305 1571 455 1632; x_wconf 87' lang='lat' dir='ltr'>offensae</span> <span class='ocrx_word' id='word_1_101' title='bbox 479 1571 580 1634; x_wconf 86' lang='lat' dir='ltr'>fuerit</span> <span class='ocrx_word' id='word_1_102' title='bbox 610 1571 644 1634; x_wconf 92' lang='lat' dir='ltr'>in</span> <span class='ocrx_word' id='word_1_103' title='bbox 677 1571 743 1634; x_wconf 87' lang='lat' dir='ltr'>ista</span> <span class='ocrx_word' id='word_1_104' title='bbox 774 1571 998 1645; x_wconf 89' lang='lat' dir='ltr'>cunctatione,</span> <span class='ocrx_word' id='word_1_105' title='bbox 1026 1579 1060 1632; x_wconf 93' lang='lat' dir='ltr'>te</span> <span class='ocrx_word' id='word_1_106' title='bbox 1092 1570 1237 1645; x_wconf 92' lang='lat' dir='ltr'>subisse;</span> <span class='ocrx_word' id='word_1_107' title='bbox 1269 1590 1270 1593; x_wconf 45' lang='lat'>¹</span> 
     </span>
     <span class='ocr_line' id='line_1_14' title="bbox 193 1678 1236 1760; baseline -0.001 -20"><span class='ocrx_word' id='word_1_108' title='bbox 193 1698 281 1740; x_wconf 94' lang='lat' dir='ltr'>nunc</span> <span class='ocrx_word' id='word_1_109' title='bbox 298 1687 333 1740; x_wconf 90' lang='lat' dir='ltr'>te</span> <span class='ocrx_word' id='word_1_110' title='bbox 351 1687 467 1740; x_wconf 90' lang='lat' dir='ltr'>contra</span> <span class='ocrx_word' id='word_1_111' title='bbox 482 1679 644 1742; x_wconf 89' lang='lat' dir='ltr'>victorem</span> <span class='ocrx_word' id='word_1_112' title='bbox 671 1679 848 1743; x_wconf 86' lang='lat' dir='ltr'>Caesarem</span> <span class='ocrx_word' id='word_1_113' title='bbox 873 1679 994 1753; x_wconf 82' lang='lat' dir='ltr'>facere,</span> <span class='ocrx_word' id='word_1_114' title='bbox 1014 1698 1110 1760; x_wconf 93' lang='lat' dir='ltr'>quem</span> <span class='ocrx_word' id='word_1_115' title='bbox 1128 1678 1236 1740; x_wconf 92' lang='lat' dir='ltr'>dubiis</span> 
     </span>
     <span class='ocr_line' id='line_1_15' title="bbox 193 1786 1270 1869; baseline -0.001 -21"><span class='ocrx_word' id='word_1_116' title='bbox 193 1786 291 1849; x_wconf 91' lang='lat' dir='ltr'>rebus</span> <span class='ocrx_word' id='word_1_117' title='bbox 309 1787 440 1849; x_wconf 86' lang='lat' dir='ltr'>laedere</span> <span class='ocrx_word' id='word_1_118' title='bbox 457 1787 603 1862; x_wconf 91' lang='lat' dir='ltr'>noluisti,</span> <span class='ocrx_word' id='word_1_119' title='bbox 622 1797 655 1850; x_wconf 94' lang='lat' dir='ltr'>et</span> <span class='ocrx_word' id='word_1_120' title='bbox 673 1788 714 1851; x_wconf 88' lang='lat' dir='ltr'>ad</span> <span class='ocrx_word' id='word_1_121' title='bbox 739 1807 796 1850; x_wconf 92' lang='lat' dir='ltr'>eos</span> <span class='ocrx_word' id='word_1_122' title='bbox 820 1788 955 1869; x_wconf 81' lang='lat' dir='ltr'>fugatos</span> <span class='ocrx_word' id='word_1_123' title='bbox 979 1787 1137 1849; x_wconf 86' lang='lat' dir='ltr'>accedere</span> <span class='ocrx_word' id='word_1_124' title='bbox 1153 1806 1236 1868; x_wconf 92' lang='lat' dir='ltr'>quos</span> <span class='ocrx_word' id='word_1_125' title='bbox 1269 1812 1270 1821; x_wconf 30' lang='grc' dir='ltr'>ι</span> 
     </span>
     <span class='ocr_line' id='line_1_16' title="bbox 193 1894 1236 1976; baseline -0.002 -19"><span class='ocrx_word' id='word_1_126' title='bbox 193 1894 381 1957; x_wconf 91' lang='lat' dir='ltr'>resistentis</span> <span class='ocrx_word' id='word_1_127' title='bbox 399 1895 493 1976; x_wconf 91' lang='lat' dir='ltr'>sequi</span> <span class='ocrx_word' id='word_1_128' title='bbox 510 1895 666 1970; x_wconf 81' lang='lat' dir='ltr'>nolueriS,</span> <span class='ocrx_word' id='word_1_129' title='bbox 685 1915 834 1958; x_wconf 90' lang='lat' dir='ltr'>summae</span> <span class='ocrx_word' id='word_1_130' title='bbox 851 1895 933 1958; x_wconf 91' lang='lat' dir='ltr'>stult</span> <span class='ocrx_word' id='word_1_131' title='bbox 920 1895 1015 1957; x_wconf 90' lang='lat' dir='ltr'>titiae</span> <span class='ocrx_word' id='word_1_132' title='bbox 1040 1904 1100 1957; x_wconf 92' lang='lat' dir='ltr'>est</span> <span class='ocrx_word' id='word_1_133' title='bbox 1151 1894 1236 1955; x_wconf 88' lang='lat' dir='ltr'>Vide</span> 
     </span>
     <span class='ocr_line' id='line_1_17' title="bbox 193 2002 1270 2084; baseline -0.002 -20"><span class='ocrx_word' id='word_1_134' title='bbox 193 2023 245 2076; x_wconf 90' lang='lat' dir='ltr'>ne,</span> <span class='ocrx_word' id='word_1_135' title='bbox 267 2002 345 2064; x_wconf 92' lang='lat' dir='ltr'>dum</span> <span class='ocrx_word' id='word_1_136' title='bbox 370 2003 472 2083; x_wconf 90' lang='lat' dir='ltr'>pudet</span> <span class='ocrx_word' id='word_1_137' title='bbox 497 2011 531 2065; x_wconf 92' lang='lat' dir='ltr'>te</span> <span class='ocrx_word' id='word_1_138' title='bbox 556 2023 672 2084; x_wconf 90' lang='lat' dir='ltr'>parum</span> <span class='ocrx_word' id='word_1_139' title='bbox 697 2003 893 2084; x_wconf 89' lang='lat' dir='ltr'>optimatem</span> <span class='ocrx_word' id='word_1_140' title='bbox 918 2023 1002 2077; x_wconf 89' lang='lat' dir='ltr'>esse,</span> <span class='ocrx_word' id='word_1_141' title='bbox 1028 2022 1142 2082; x_wconf 86' lang='lat' dir='ltr'>parum</span> <span class='ocrx_word' id='word_1_142' title='bbox 1169 2002 1270 2063; x_wconf 91' lang='lat' dir='ltr'>dili</span> 
     </span>
    </p>

    <p class='ocr_par' dir='ltr' id='par_1_5' title="bbox 159 2080 1270 2195">
     <span class='ocr_line' id='line_1_18' title="bbox 159 2080 1270 2195; baseline -0.003 -22"><span class='ocrx_word' id='word_1_143' title='bbox 159 2120 274 2193; x_wconf 85' lang='lat' dir='ltr'>3gent</span> <span class='ocrx_word' id='word_1_144' title='bbox 277 2131 313 2173; x_wconf 91' lang='lat' dir='ltr'>er</span> <span class='ocrx_word' id='word_1_145' title='bbox 336 2111 414 2194; x_wconf 92' lang='lat' dir='ltr'>quid</span> <span class='ocrx_word' id='word_1_146' title='bbox 439 2120 496 2193; x_wconf 91' lang='lat' dir='ltr'>opt</span> <span class='ocrx_word' id='word_1_147' title='bbox 499 2112 601 2174; x_wconf 93' lang='lat' dir='ltr'>imum</span> <span class='ocrx_word' id='word_1_148' title='bbox 626 2112 670 2174; x_wconf 92' lang='lat' dir='ltr'>sit</span> <span class='ocrx_word' id='word_1_149' title='bbox 695 2112 809 2195; x_wconf 87' lang='lat' dir='ltr'>eligas.</span> <span class='ocrx_word' id='word_1_150' title='bbox 866 2112 965 2194; x_wconf 84' lang='lat' dir='ltr'>Quod</span> <span class='ocrx_word' id='word_1_151' title='bbox 989 2110 1018 2173; x_wconf 91' lang='lat' dir='ltr'>si</span> <span class='ocrx_word' id='word_1_152' title='bbox 1042 2119 1092 2173; x_wconf 89' lang='lat' dir='ltr'>tot</span> <span class='ocrx_word' id='word_1_153' title='bbox 1096 2131 1150 2172; x_wconf 94' lang='lat' dir='ltr'>um</span> <span class='ocrx_word' id='word_1_154' title='bbox 1176 2080 1270 2172; x_wconf 70' lang='lat' dir='ltr'>tibil</span> <span class='ocrx_word' id='word_1_155' title='bbox 1269 2139 1270 2194; x_wconf 51' lang='lat' dir='ltr'>y</span> 
     </span>
    </p>
   </div>
   <div class='ocr_carea' id='block_1_4' title="bbox 191 2311 1270 3771">
    <p class='ocr_par' dir='ltr' id='par_1_6' title="bbox 192 2311 1235 3173">
     <span class='ocr_line' id='line_1_19' title="bbox 192 2311 1233 2377; baseline -0.003 -17"><span class='ocrx_word' id='word_1_156' title='bbox 192 2313 268 2360; x_wconf 83' lang='lat' dir='ltr'>tische</span> <span class='ocrx_word' id='word_1_157' title='bbox 279 2314 428 2377; x_wconf 75' lang='lat' dir='ltr'>Streifric&#39;ge,</span> <span class='ocrx_word' id='word_1_158' title='bbox 442 2311 474 2360; x_wconf 89' lang='lat'>60</span> <span class='ocrx_word' id='word_1_159' title='bbox 489 2311 518 2359; x_wconf 85' lang='lat' dir='ltr'>ff.</span> <span class='ocrx_word' id='word_1_160' title='bbox 526 2312 689 2360; x_wconf 82' lang='lat' dir='ltr'>—eandem</span> <span class='ocrx_word' id='word_1_161' title='bbox 740 2313 863 2375; x_wconf 82' lang='lat' dir='ltr'>quicquid</span> <span class='ocrx_word' id='word_1_162' title='bbox 877 2312 945 2359; x_wconf 76' lang='lat' dir='ltr'>mini</span> <span class='ocrx_word' id='word_1_163' title='bbox 954 2312 1076 2373; x_wconf 81' lang='lat' dir='ltr'>placeret,</span> <span class='ocrx_word' id='word_1_164' title='bbox 1094 2312 1124 2358; x_wconf 80' lang='lat' dir='ltr'>id</span> <span class='ocrx_word' id='word_1_165' title='bbox 1137 2317 1233 2358; x_wconf 82' lang='lat' dir='ltr'>rectum</span> 
     </span>
     <span class='ocr_line' id='line_1_20' title="bbox 193 2378 1234 2440; baseline -0.004 -13"><span class='ocrx_word' id='word_1_166' title='bbox 193 2379 351 2427; x_wconf 86' lang='lat' dir='ltr'>rationem:</span> <span class='ocrx_word' id='word_1_167' title='bbox 375 2380 412 2426; x_wconf 77' lang='grc' dir='ltr'>ι’..ι</span> <span class='ocrx_word' id='word_1_168' title='bbox 430 2393 460 2427; x_wconf 87' lang='lat' dir='ltr'>as</span> <span class='ocrx_word' id='word_1_169' title='bbox 480 2379 506 2426; x_wconf 90' lang='lat' dir='ltr'>in</span> <span class='ocrx_word' id='word_1_170' title='bbox 524 2378 568 2427; x_wconf 90' lang='lat' dir='ltr'>the</span> <span class='ocrx_word' id='word_1_171' title='bbox 585 2394 643 2427; x_wconf 90' lang='lat' dir='ltr'>case</span> <span class='ocrx_word' id='word_1_172' title='bbox 662 2378 691 2425; x_wconf 83' lang='lat' dir='ltr'>of</span> <span class='ocrx_word' id='word_1_173' title='bbox 740 2385 871 2439; x_wconf 75' lang='lat' dir='ltr'>reputare</span> <span class='ocrx_word' id='word_1_174' title='bbox 887 2380 973 2434; x_wconf 83' lang='lat' dir='ltr'>aiebat,</span> <span class='ocrx_word' id='word_1_175' title='bbox 991 2378 1022 2424; x_wconf 84' lang='lat' dir='ltr'>id</span> <span class='ocrx_word' id='word_1_176' title='bbox 1036 2378 1123 2425; x_wconf 85' lang='lat' dir='ltr'>animo</span> <span class='ocrx_word' id='word_1_177' title='bbox 1138 2378 1234 2440; x_wconf 84' lang='lat' dir='ltr'>aequis-</span> 
     </span>
     <span class='ocr_line' id='line_1_21' title="bbox 193 2444 1233 2507; baseline -0.001 -14"><span class='ocrx_word' id='word_1_178' title='bbox 193 2446 327 2493; x_wconf 88' lang='lat' dir='ltr'>Domitius</span> <span class='ocrx_word' id='word_1_179' title='bbox 350 2451 377 2493; x_wconf 90' lang='lat' dir='ltr'>at</span> <span class='ocrx_word' id='word_1_180' title='bbox 400 2444 599 2493; x_wconf 88' lang='lat' dir='ltr'>Corfinium-</span> <span class='ocrx_word' id='word_1_181' title='bbox 617 2444 688 2492; x_wconf 90' lang='lat' dir='ltr'>nihil</span> <span class='ocrx_word' id='word_1_182' title='bbox 740 2447 804 2492; x_wconf 84' lang='lat' dir='ltr'>simo</span> <span class='ocrx_word' id='word_1_183' title='bbox 825 2445 1022 2507; x_wconf 81' lang='lat' dir='ltr'>sequebatur.—</span> <span class='ocrx_word' id='word_1_184' title='bbox 1031 2458 1120 2506; x_wconf 84' lang='lat' dir='ltr'>gener</span> <span class='ocrx_word' id='word_1_185' title='bbox 1149 2452 1233 2493; x_wconf 90' lang='lat' dir='ltr'>tuus:</span> 
     </span>
     <span class='ocr_line' id='line_1_22' title="bbox 192 2509 1235 2574; baseline -0.001 -15"><span class='ocrx_word' id='word_1_186' title='bbox 192 2512 316 2574; x_wconf 82' lang='lat' dir='ltr'>cogitat:</span> <span class='ocrx_word' id='word_1_187' title='bbox 340 2526 383 2560; x_wconf 83' lang='lat' dir='ltr'>see</span> <span class='ocrx_word' id='word_1_188' title='bbox 401 2519 464 2559; x_wconf 86' lang='lat' dir='ltr'>note</span> <span class='ocrx_word' id='word_1_189' title='bbox 487 2526 522 2559; x_wconf 90' lang='lat' dir='ltr'>on</span> <span class='ocrx_word' id='word_1_190' title='bbox 544 2512 614 2559; x_wconf 81' lang='lat' dir='ltr'>nihil</span> <span class='ocrx_word' id='word_1_191' title='bbox 636 2514 690 2559; x_wconf 79' lang='lat' dir='ltr'>ni&#39;sr</span> <span class='ocrx_word' id='word_1_192' title='bbox 742 2512 769 2558; x_wconf 94' lang='lat' dir='ltr'>P</span> <span class='ocrx_word' id='word_1_193' title='bbox 788 2511 926 2559; x_wconf 91' lang='lat' dir='ltr'>Cornelius</span> <span class='ocrx_word' id='word_1_194' title='bbox 946 2510 1091 2566; x_wconf 87' lang='lat' dir='ltr'>Dolabella,</span> <span class='ocrx_word' id='word_1_195' title='bbox 1108 2509 1168 2557; x_wconf 90' lang='lat' dir='ltr'>who</span> <span class='ocrx_word' id='word_1_196' title='bbox 1185 2524 1235 2558; x_wconf 85' lang='lat' dir='ltr'>was</span> 
     </span>
     <span class='ocr_line' id='line_1_23' title="bbox 192 2575 1234 2640; baseline -0.001 -15"><span class='ocrx_word' id='word_1_197' title='bbox 192 2580 270 2634; x_wconf 84' lang='lat' dir='ltr'>triste,</span> <span class='ocrx_word' id='word_1_198' title='bbox 288 2577 508 2626; x_wconf 74' lang='lat' dir='ltr'>above—exiit:</span> <span class='ocrx_word' id='word_1_199' title='bbox 527 2594 558 2625; x_wconf 89' lang='lat' dir='ltr'>sc.</span> <span class='ocrx_word' id='word_1_200' title='bbox 571 2594 603 2626; x_wconf 81' lang='lat' dir='ltr'>cx</span> <span class='ocrx_word' id='word_1_201' title='bbox 615 2578 688 2633; x_wconf 65' lang='lat' dir='ltr'>urba·</span> <span class='ocrx_word' id='word_1_202' title='bbox 740 2592 756 2625; x_wconf 89' lang='lat' dir='ltr'>a</span> <span class='ocrx_word' id='word_1_203' title='bbox 778 2575 947 2640; x_wconf 90' lang='lat' dir='ltr'>pronounced</span> <span class='ocrx_word' id='word_1_204' title='bbox 968 2575 1234 2625; x_wconf 87' lang='lat' dir='ltr'>Caesarian-illud</span> 
     </span>
     <span class='ocr_line' id='line_1_24' title="bbox 192 2643 1232 2706; baseline -0.003 -15"><span class='ocrx_word' id='word_1_205' title='bbox 192 2644 235 2692; x_wconf 88' lang='lat' dir='ltr'>for</span> <span class='ocrx_word' id='word_1_206' title='bbox 247 2645 291 2692; x_wconf 91' lang='lat' dir='ltr'>the</span> <span class='ocrx_word' id='word_1_207' title='bbox 305 2659 398 2693; x_wconf 85' lang='lat' dir='ltr'>reason</span> <span class='ocrx_word' id='word_1_208' title='bbox 416 2644 446 2691; x_wconf 83' lang='lat' dir='ltr'>oi</span> <span class='ocrx_word' id='word_1_209' title='bbox 464 2644 582 2692; x_wconf 89' lang='lat' dir='ltr'>Caesar&#39;s</span> <span class='ocrx_word' id='word_1_210' title='bbox 600 2659 688 2705; x_wconf 87' lang='lat' dir='ltr'>anger,</span> <span class='ocrx_word' id='word_1_211' title='bbox 740 2644 853 2706; x_wconf 88' lang='lat' dir='ltr'>cogita:</span> <span class='ocrx_word' id='word_1_212' title='bbox 876 2658 920 2691; x_wconf 91' lang='lat' dir='ltr'>see</span> <span class='ocrx_word' id='word_1_213' title='bbox 941 2650 1003 2690; x_wconf 88' lang='lat' dir='ltr'>note</span> <span class='ocrx_word' id='word_1_214' title='bbox 1021 2658 1054 2689; x_wconf 94' lang='lat' dir='ltr'>on</span> <span class='ocrx_word' id='word_1_215' title='bbox 1077 2643 1153 2697; x_wconf 79' lang='lat' dir='ltr'>nihil,</span> <span class='ocrx_word' id='word_1_216' title='bbox 1175 2656 1232 2689; x_wconf 94' lang='lat'>1.-</span> 
     </span>
     <span class='ocr_line' id='line_1_25' title="bbox 193 2709 1232 2774; baseline -0.003 -16"><span class='ocrx_word' id='word_1_217' title='bbox 193 2726 236 2759; x_wconf 88' lang='lat' dir='ltr'>see</span> <span class='ocrx_word' id='word_1_218' title='bbox 260 2711 336 2759; x_wconf 90' lang='lat' dir='ltr'>Caes.</span> <span class='ocrx_word' id='word_1_219' title='bbox 360 2712 391 2757; x_wconf 89' lang='lat' dir='ltr'>B.</span> <span class='ocrx_word' id='word_1_220' title='bbox 416 2711 443 2759; x_wconf 87' lang='lat' dir='ltr'>C.</span> <span class='ocrx_word' id='word_1_221' title='bbox 468 2724 487 2757; x_wconf 87' lang='lat'>1.</span> <span class='ocrx_word' id='word_1_222' title='bbox 509 2710 688 2774; x_wconf 85' lang='lat' dir='ltr'>33.—inter-</span> <span class='ocrx_word' id='word_1_223' title='bbox 739 2710 888 2758; x_wconf 81' lang='lat' dir='ltr'>offensae:</span> <span class='ocrx_word' id='word_1_224' title='bbox 907 2724 942 2757; x_wconf 91' lang='lat' dir='ltr'>on</span> <span class='ocrx_word' id='word_1_225' title='bbox 960 2710 1060 2771; x_wconf 55' lang='lat' dir='ltr'>offensa,</span> <span class='ocrx_word' id='word_1_226' title='bbox 1081 2709 1172 2771; x_wconf 86' lang='lat' dir='ltr'>Meyer</span> <span class='ocrx_word' id='word_1_227' title='bbox 1187 2709 1232 2771; x_wconf 68' lang='lat' dir='ltr'>(De</span> 
     </span>
     <span class='ocr_line' id='line_1_26' title="bbox 193 2776 1232 2837; baseline -0.003 -13"><span class='ocrx_word' id='word_1_228' title='bbox 193 2777 393 2825; x_wconf 84' lang='lat' dir='ltr'>cessionibus:</span> <span class='ocrx_word' id='word_1_229' title='bbox 411 2776 455 2824; x_wconf 87' lang='lat' dir='ltr'>the</span> <span class='ocrx_word' id='word_1_230' title='bbox 470 2776 573 2825; x_wconf 87' lang='lat' dir='ltr'>tribune</span> <span class='ocrx_word' id='word_1_231' title='bbox 592 2778 620 2824; x_wconf 90' lang='lat' dir='ltr'>L.</span> <span class='ocrx_word' id='word_1_232' title='bbox 635 2778 689 2825; x_wconf 87' lang='lat' dir='ltr'>Me·</span> <span class='ocrx_word' id='word_1_233' title='bbox 742 2777 868 2825; x_wconf 84' lang='lat' dir='ltr'>Ciceronis</span> <span class='ocrx_word' id='word_1_234' title='bbox 884 2778 913 2824; x_wconf 86' lang='lat' dir='ltr'>in</span> <span class='ocrx_word' id='word_1_235' title='bbox 936 2776 1047 2837; x_wconf 77' lang='lat' dir='ltr'>epistolis</span> <span class='ocrx_word' id='word_1_236' title='bbox 1070 2776 1107 2823; x_wconf 85' lang='lat' dir='ltr'>ad</span> <span class='ocrx_word' id='word_1_237' title='bbox 1121 2776 1232 2822; x_wconf 84' lang='lat' dir='ltr'>Atticum</span> 
     </span>
     <span class='ocr_line' id='line_1_27' title="bbox 193 2840 1231 2906; baseline -0.004 -15"><span class='ocrx_word' id='word_1_238' title='bbox 193 2843 270 2891; x_wconf 90' lang='lat' dir='ltr'>tellus</span> <span class='ocrx_word' id='word_1_239' title='bbox 292 2842 402 2892; x_wconf 84' lang='lat' dir='ltr'>forbade</span> <span class='ocrx_word' id='word_1_240' title='bbox 428 2842 547 2891; x_wconf 86' lang='lat' dir='ltr'>Caesar’s</span> <span class='ocrx_word' id='word_1_241' title='bbox 573 2843 688 2891; x_wconf 89' lang='lat' dir='ltr'>removal</span> <span class='ocrx_word' id='word_1_242' title='bbox 739 2858 860 2898; x_wconf 83' lang='lat' dir='ltr'>sermone,</span> <span class='ocrx_word' id='word_1_243' title='bbox 876 2843 915 2904; x_wconf 85' lang='lat'>17)</span> <span class='ocrx_word' id='word_1_244' title='bbox 934 2857 1010 2905; x_wconf 82' lang='lat' dir='ltr'>says:</span> <span class='ocrx_word' id='word_1_245' title='bbox 1029 2840 1111 2889; x_wconf 90' lang='lat' dir='ltr'>‘used</span> <span class='ocrx_word' id='word_1_246' title='bbox 1128 2842 1192 2906; x_wconf 88' lang='lat' dir='ltr'>only</span> <span class='ocrx_word' id='word_1_247' title='bbox 1209 2841 1231 2887; x_wconf 91' lang='lat' dir='ltr'>in</span> 
     </span>
     <span class='ocr_line' id='line_1_28' title="bbox 193 2907 1234 2972; baseline -0.001 -16"><span class='ocrx_word' id='word_1_248' title='bbox 193 2909 222 2956; x_wconf 85' lang='lat' dir='ltr'>of</span> <span class='ocrx_word' id='word_1_249' title='bbox 234 2910 278 2957; x_wconf 92' lang='lat' dir='ltr'>the</span> <span class='ocrx_word' id='word_1_250' title='bbox 288 2916 402 2958; x_wconf 89' lang='lat' dir='ltr'>treasure</span> <span class='ocrx_word' id='word_1_251' title='bbox 413 2909 482 2957; x_wconf 80' lang='lat' dir='ltr'>from</span> <span class='ocrx_word' id='word_1_252' title='bbox 495 2909 539 2957; x_wconf 87' lang='lat' dir='ltr'>the</span> <span class='ocrx_word' id='word_1_253' title='bbox 552 2910 649 2972; x_wconf 85' lang='lat' dir='ltr'>temple</span> <span class='ocrx_word' id='word_1_254' title='bbox 661 2909 690 2956; x_wconf 86' lang='lat' dir='ltr'>of</span> <span class='ocrx_word' id='word_1_255' title='bbox 739 2908 940 2958; x_wconf 87' lang='lat' dir='ltr'>conversation&#39;</span> <span class='ocrx_word' id='word_1_256' title='bbox 956 2909 1050 2957; x_wconf 91' lang='lat' dir='ltr'>Cicero</span> <span class='ocrx_word' id='word_1_257' title='bbox 1059 2907 1167 2955; x_wconf 83' lang='lat' dir='ltr'>himself</span> <span class='ocrx_word' id='word_1_258' title='bbox 1176 2908 1234 2955; x_wconf 87' lang='lat' dir='ltr'>does</span> 
     </span>
     <span class='ocr_line' id='line_1_29' title="bbox 194 2974 1234 3038; baseline -0.004 -14"><span class='ocrx_word' id='word_1_259' title='bbox 194 2976 297 3032; x_wconf 90' lang='lat' dir='ltr'>Satum,</span> <span class='ocrx_word' id='word_1_260' title='bbox 310 2975 362 3023; x_wconf 91' lang='lat' dir='ltr'>and</span> <span class='ocrx_word' id='word_1_261' title='bbox 373 2974 492 3038; x_wconf 88' lang='lat' dir='ltr'>opposed</span> <span class='ocrx_word' id='word_1_262' title='bbox 505 2976 539 3023; x_wconf 90' lang='lat' dir='ltr'>all</span> <span class='ocrx_word' id='word_1_263' title='bbox 557 2975 598 3024; x_wconf 91' lang='lat' dir='ltr'>his</span> <span class='ocrx_word' id='word_1_264' title='bbox 614 2976 689 3038; x_wconf 88' lang='lat' dir='ltr'>plans</span> <span class='ocrx_word' id='word_1_265' title='bbox 739 2982 786 3022; x_wconf 90' lang='lat' dir='ltr'>not</span> <span class='ocrx_word' id='word_1_266' title='bbox 800 2990 844 3023; x_wconf 92' lang='lat' dir='ltr'>use</span> <span class='ocrx_word' id='word_1_267' title='bbox 861 2976 905 3023; x_wconf 90' lang='lat' dir='ltr'>the</span> <span class='ocrx_word' id='word_1_268' title='bbox 918 2974 988 3023; x_wconf 93' lang='lat' dir='ltr'>word</span> <span class='ocrx_word' id='word_1_269' title='bbox 1006 2990 1071 3023; x_wconf 91' lang='lat' dir='ltr'>even</span> <span class='ocrx_word' id='word_1_270' title='bbox 1088 2974 1114 3022; x_wconf 93' lang='lat' dir='ltr'>in</span> <span class='ocrx_word' id='word_1_271' title='bbox 1133 2974 1176 3022; x_wconf 92' lang='lat' dir='ltr'>his</span> <span class='ocrx_word' id='word_1_272' title='bbox 1193 2975 1234 3021; x_wconf 88' lang='lat' dir='ltr'>let·</span> 
     </span>
     <span class='ocr_line' id='line_1_30' title="bbox 192 3039 1233 3105; baseline -0.006 -15"><span class='ocrx_word' id='word_1_273' title='bbox 192 3043 218 3090; x_wconf 91' lang='lat' dir='ltr'>in</span> <span class='ocrx_word' id='word_1_274' title='bbox 233 3042 277 3090; x_wconf 90' lang='lat' dir='ltr'>the</span> <span class='ocrx_word' id='word_1_275' title='bbox 295 3049 391 3091; x_wconf 85' lang='lat' dir='ltr'>senate.</span> <span class='ocrx_word' id='word_1_276' title='bbox 400 3041 623 3091; x_wconf 87' lang='lat' dir='ltr'>-mehereules</span> <span class='ocrx_word' id='word_1_277' title='bbox 637 3058 642 3088; x_wconf 90' lang='lat'>:</span> <span class='ocrx_word' id='word_1_278' title='bbox 656 3041 688 3090; x_wconf 82' lang='lat' dir='ltr'>ci.</span> <span class='ocrx_word' id='word_1_279' title='bbox 740 3049 800 3098; x_wconf 88' lang='lat' dir='ltr'>ters,</span> <span class='ocrx_word' id='word_1_280' title='bbox 809 3042 958 3105; x_wconf 90' lang='lat' dir='ltr'>employing</span> <span class='ocrx_word' id='word_1_281' title='bbox 965 3041 1101 3103; x_wconf 79' lang='lat' dir='ltr'>offlnsioin</span> <span class='ocrx_word' id='word_1_282' title='bbox 1112 3041 1147 3089; x_wconf 91' lang='lat' dir='ltr'>its</span> <span class='ocrx_word' id='word_1_283' title='bbox 1156 3039 1233 3089; x_wconf 89' lang='lat' dir='ltr'>stead.</span> 
     </span>
     <span class='ocr_line' id='line_1_31' title="bbox 193 3106 1235 3173; baseline -0.002 -17"><span class='ocrx_word' id='word_1_284' title='bbox 193 3110 307 3166; x_wconf 85' lang='lat' dir='ltr'>mercule,</span> <span class='ocrx_word' id='word_1_285' title='bbox 321 3110 369 3171; x_wconf 93' lang='lat' dir='ltr'>Ep.</span> <span class='ocrx_word' id='word_1_286' title='bbox 383 3110 469 3157; x_wconf 89' lang='lat' dir='ltr'>XXV.</span> <span class='ocrx_word' id='word_1_287' title='bbox 483 3123 497 3173; x_wconf 90' lang='lat'>3</span> <span class='ocrx_word' id='word_1_288' title='bbox 511 3123 535 3155; x_wconf 91' lang='lat' dir='ltr'>n.</span> <span class='ocrx_word' id='word_1_289' title='bbox 740 3108 798 3155; x_wconf 88' lang='lat' dir='ltr'>The</span> <span class='ocrx_word' id='word_1_290' title='bbox 815 3123 887 3156; x_wconf 88' lang='lat' dir='ltr'>more</span> <span class='ocrx_word' id='word_1_291' title='bbox 904 3108 1043 3170; x_wconf 90' lang='lat' dir='ltr'>colloquial</span> <span class='ocrx_word' id='word_1_292' title='bbox 1060 3108 1160 3155; x_wconf 84' lang='lat' dir='ltr'>writers</span> <span class='ocrx_word' id='word_1_293' title='bbox 1178 3106 1235 3154; x_wconf 87' lang='lat' dir='ltr'>ofa</span> 
     </span>
    </p>

    <p class='ocr_par' dir='ltr' id='par_1_7' title="bbox 191 3173 1270 3771">
     <span class='ocr_line' id='line_1_32' title="bbox 227 3173 1233 3239; baseline 0.003 -17"><span class='ocrx_word' id='word_1_294' title='bbox 227 3189 249 3222; x_wconf 89' lang='lat'>2.</span> <span class='ocrx_word' id='word_1_295' title='bbox 262 3176 376 3225; x_wconf 86' lang='lat' dir='ltr'>domus:</span> <span class='ocrx_word' id='word_1_296' title='bbox 390 3175 688 3239; x_wconf 88' lang='lat' dir='ltr'>Cicero’sfamilywere,</span> <span class='ocrx_word' id='word_1_297' title='bbox 739 3174 805 3222; x_wconf 87' lang='lat' dir='ltr'>later</span> <span class='ocrx_word' id='word_1_298' title='bbox 827 3173 926 3237; x_wconf 89' lang='lat' dir='ltr'>period,</span> <span class='ocrx_word' id='word_1_299' title='bbox 944 3174 1064 3221; x_wconf 87' lang='lat' dir='ltr'>however</span> <span class='ocrx_word' id='word_1_300' title='bbox 1089 3174 1143 3236; x_wconf 75' lang='lat' dir='ltr'>(ag.</span> <span class='ocrx_word' id='word_1_301' title='bbox 1165 3174 1233 3225; x_wconf 72' lang='lat' dir='ltr'>Plio,</span> 
     </span>
     <span class='ocr_line' id='line_1_33' title="bbox 192 3240 1235 3305; baseline -0.002 -16"><span class='ocrx_word' id='word_1_302' title='bbox 192 3241 319 3298; x_wconf 88' lang='lat' dir='ltr'>however,</span> <span class='ocrx_word' id='word_1_303' title='bbox 337 3241 502 3304; x_wconf 78' lang='lat' dir='ltr'>urginghim</span> <span class='ocrx_word' id='word_1_304' title='bbox 521 3249 549 3289; x_wconf 89' lang='lat' dir='ltr'>to</span> <span class='ocrx_word' id='word_1_305' title='bbox 570 3241 625 3305; x_wconf 79' lang='lat' dir='ltr'>join</span> <span class='ocrx_word' id='word_1_306' title='bbox 644 3241 689 3289; x_wconf 87' lang='lat' dir='ltr'>the</span> <span class='ocrx_word' id='word_1_307' title='bbox 742 3240 820 3297; x_wconf 77' lang='lat' dir='ltr'>Suet,</span> <span class='ocrx_word' id='word_1_308' title='bbox 845 3240 895 3288; x_wconf 90' lang='lat' dir='ltr'>and</span> <span class='ocrx_word' id='word_1_309' title='bbox 925 3240 1048 3303; x_wconf 79' lang='lat' dir='ltr'>Petrum),</span> <span class='ocrx_word' id='word_1_310' title='bbox 1075 3255 1122 3288; x_wconf 90' lang='lat' dir='ltr'>use</span> <span class='ocrx_word' id='word_1_311' title='bbox 1148 3240 1169 3287; x_wconf 93' lang='lat' dir='ltr'>it</span> <span class='ocrx_word' id='word_1_312' title='bbox 1191 3240 1235 3287; x_wconf 80' lang='lat' dir='ltr'>fre</span> 
     </span>
     <span class='ocr_line' id='line_1_34' title="bbox 194 3307 1235 3371; baseline -0.004 -15"><span class='ocrx_word' id='word_1_313' title='bbox 194 3308 356 3371; x_wconf 88' lang='lat' dir='ltr'>Pompeians.</span> <span class='ocrx_word' id='word_1_314' title='bbox 394 3308 436 3356; x_wconf 80' lang='lat' dir='ltr'>Cf.</span> <span class='ocrx_word' id='word_1_315' title='bbox 449 3311 502 3356; x_wconf 83' lang='lat' dir='ltr'>Art.</span> <span class='ocrx_word' id='word_1_316' title='bbox 514 3322 538 3370; x_wconf 85' lang='lat'>9.</span> <span class='ocrx_word' id='word_1_317' title='bbox 551 3308 574 3357; x_wconf 86' lang='lat'>6.</span> <span class='ocrx_word' id='word_1_318' title='bbox 587 3323 602 3369; x_wconf 88' lang='lat'>4</span> <span class='ocrx_word' id='word_1_319' title='bbox 615 3315 689 3369; x_wconf 77' lang='lat' dir='ltr'>prae-</span> <span class='ocrx_word' id='word_1_320' title='bbox 740 3308 853 3371; x_wconf 87' lang='lat' dir='ltr'>quently.</span> <span class='ocrx_word' id='word_1_321' title='bbox 863 3307 1076 3368; x_wconf 83' lang='lat' dir='ltr'>-optimatem</span> <span class='ocrx_word' id='word_1_322' title='bbox 1093 3340 1120 3354; x_wconf 90' lang='lat'>..</span> <span class='ocrx_word' id='word_1_323' title='bbox 1139 3342 1146 3353; x_wconf 95' lang='lat'>.</span> <span class='ocrx_word' id='word_1_324' title='bbox 1164 3307 1235 3369; x_wconf 89' lang='lat' dir='ltr'>opti·</span> 
     </span>
     <span class='ocr_line' id='line_1_35' title="bbox 192 3373 1234 3437; baseline -0.001 -16"><span class='ocrx_word' id='word_1_325' title='bbox 192 3376 279 3422; x_wconf 83' lang='lat' dir='ltr'>sertim</span> <span class='ocrx_word' id='word_1_326' title='bbox 288 3390 343 3423; x_wconf 87' lang='lat' dir='ltr'>curn</span> <span class='ocrx_word' id='word_1_327' title='bbox 353 3377 374 3422; x_wconf 86' lang='lat' dir='ltr'>ii</span> <span class='ocrx_word' id='word_1_328' title='bbox 381 3376 438 3435; x_wconf 85' lang='lat' dir='ltr'>ipsi,</span> <span class='ocrx_word' id='word_1_329' title='bbox 446 3390 555 3437; x_wconf 85' lang='lat' dir='ltr'>quorum</span> <span class='ocrx_word' id='word_1_330' title='bbox 564 3391 605 3436; x_wconf 77' lang='lat' dir='ltr'>ego</span> <span class='ocrx_word' id='word_1_331' title='bbox 612 3390 688 3421; x_wconf 84' lang='lat' dir='ltr'>causa</span> <span class='ocrx_word' id='word_1_332' title='bbox 741 3387 836 3422; x_wconf 87' lang='lat' dir='ltr'>mum:</span> <span class='ocrx_word' id='word_1_333' title='bbox 849 3373 893 3420; x_wconf 87' lang='lat' dir='ltr'>the</span> <span class='ocrx_word' id='word_1_334' title='bbox 906 3374 1021 3434; x_wconf 90' lang='lat' dir='ltr'>singular</span> <span class='ocrx_word' id='word_1_335' title='bbox 1032 3373 1100 3420; x_wconf 83' lang='lat' dir='ltr'>form</span> <span class='ocrx_word' id='word_1_336' title='bbox 1114 3373 1234 3435; x_wconf 87' lang='lat' dir='ltr'>optirna-</span> 
     </span>
     <span class='ocr_line' id='line_1_36' title="bbox 192 3439 1234 3505; baseline -0.004 -16"><span class='ocrx_word' id='word_1_337' title='bbox 192 3442 308 3489; x_wconf 78' lang='lat' dir='ltr'>time&#39;dius</span> <span class='ocrx_word' id='word_1_338' title='bbox 320 3442 687 3505; x_wconf 63' lang='lat' dir='ltr'>meſsrrtnnaenornmittebam,</span> <span class='ocrx_word' id='word_1_339' title='bbox 739 3447 808 3498; x_wconf 87' lang='lat' dir='ltr'>tem,</span> <span class='ocrx_word' id='word_1_340' title='bbox 822 3439 905 3487; x_wconf 91' lang='lat' dir='ltr'>which</span> <span class='ocrx_word' id='word_1_341' title='bbox 923 3441 944 3487; x_wconf 90' lang='lat' dir='ltr'>is</span> <span class='ocrx_word' id='word_1_342' title='bbox 962 3455 1023 3503; x_wconf 90' lang='lat' dir='ltr'>very</span> <span class='ocrx_word' id='word_1_343' title='bbox 1035 3454 1091 3487; x_wconf 92' lang='lat' dir='ltr'>rare</span> <span class='ocrx_word' id='word_1_344' title='bbox 1110 3439 1135 3485; x_wconf 92' lang='lat' dir='ltr'>in</span> <span class='ocrx_word' id='word_1_345' title='bbox 1154 3441 1234 3486; x_wconf 88' lang='lat' dir='ltr'>Latin.</span> 
     </span>
     <span class='ocr_line' id='line_1_37' title="bbox 193 3505 1270 3569; baseline 0 -15"><span class='ocrx_word' id='word_1_346' title='bbox 193 3524 261 3555; x_wconf 84' lang='lat' dir='ltr'>uxor</span> <span class='ocrx_word' id='word_1_347' title='bbox 264 3507 327 3569; x_wconf 82' lang='lat' dir='ltr'>filia</span> <span class='ocrx_word' id='word_1_348' title='bbox 343 3508 472 3556; x_wconf 83' lang='lat' dir='ltr'>Cicerones</span> <span class='ocrx_word' id='word_1_349' title='bbox 479 3509 559 3568; x_wconf 81' lang='lat' dir='ltr'>pueri</span> <span class='ocrx_word' id='word_1_350' title='bbox 570 3522 609 3554; x_wconf 83' lang='lat' dir='ltr'>me</span> <span class='ocrx_word' id='word_1_351' title='bbox 621 3506 691 3553; x_wconf 84' lang='lat' dir='ltr'>illud</span> <span class='ocrx_word' id='word_1_352' title='bbox 740 3506 844 3555; x_wconf 89' lang='lat' dir='ltr'>isused</span> <span class='ocrx_word' id='word_1_353' title='bbox 865 3506 927 3554; x_wconf 90' lang='lat' dir='ltr'>here</span> <span class='ocrx_word' id='word_1_354' title='bbox 944 3505 987 3553; x_wconf 85' lang='lat' dir='ltr'>ior</span> <span class='ocrx_word' id='word_1_355' title='bbox 1004 3506 1049 3554; x_wconf 94' lang='lat' dir='ltr'>the</span> <span class='ocrx_word' id='word_1_356' title='bbox 1066 3505 1130 3553; x_wconf 90' lang='lat' dir='ltr'>sake</span> <span class='ocrx_word' id='word_1_357' title='bbox 1147 3505 1176 3552; x_wconf 79' lang='lat' dir='ltr'>oi</span> <span class='ocrx_word' id='word_1_358' title='bbox 1195 3506 1235 3553; x_wconf 89' lang='lat' dir='ltr'>the</span> <span class='ocrx_word' id='word_1_359' title='bbox 1269 3551 1270 3554; x_wconf 75' lang='grc'>,</span> 
     </span>
     <span class='ocr_line' id='line_1_38' title="bbox 194 3571 1235 3637; baseline -0.002 -17"><span class='ocrx_word' id='word_1_360' title='bbox 194 3572 688 3637; x_wconf 74' lang='lat' dir='ltr'>(i..&#39;·ethecauseoiPompeylrequzmal</span> <span class='ocrx_word' id='word_1_361' title='bbox 739 3588 792 3635; x_wconf 92' lang='lat' dir='ltr'>pun</span> <span class='ocrx_word' id='word_1_362' title='bbox 812 3572 871 3620; x_wconf 89' lang='lat' dir='ltr'>with</span> <span class='ocrx_word' id='word_1_363' title='bbox 893 3573 1044 3635; x_wconf 88' lang='lat' dir='ltr'>optimum.</span> <span class='ocrx_word' id='word_1_364' title='bbox 1080 3572 1181 3619; x_wconf 87' lang='lat' dir='ltr'>‘’Dont</span> <span class='ocrx_word' id='word_1_365' title='bbox 1207 3571 1235 3619; x_wconf 90' lang='lat' dir='ltr'>be</span> 
     </span>
     <span class='ocr_line' id='line_1_39' title="bbox 191 3638 1270 3701; baseline -0.002 -14"><span class='ocrx_word' id='word_1_366' title='bbox 191 3640 250 3696; x_wconf 82' lang='lat' dir='ltr'>lent,</span> <span class='ocrx_word' id='word_1_367' title='bbox 263 3641 308 3688; x_wconf 80' lang='lat' dir='ltr'>hoc</span> <span class='ocrx_word' id='word_1_368' title='bbox 319 3647 393 3701; x_wconf 83' lang='lat' dir='ltr'>turpe</span> <span class='ocrx_word' id='word_1_369' title='bbox 404 3646 428 3687; x_wconf 84' lang='lat' dir='ltr'>et</span> <span class='ocrx_word' id='word_1_370' title='bbox 439 3656 478 3687; x_wconf 79' lang='lat' dir='ltr'>me</span> <span class='ocrx_word' id='word_1_371' title='bbox 495 3640 630 3700; x_wconf 77' lang='lat' dir='ltr'>indzgnnrn</span> <span class='ocrx_word' id='word_1_372' title='bbox 641 3647 688 3701; x_wconf 81' lang='lat' dir='ltr'>pu·</span> <span class='ocrx_word' id='word_1_373' title='bbox 739 3655 770 3687; x_wconf 92' lang='lat' dir='ltr'>so</span> <span class='ocrx_word' id='word_1_374' title='bbox 793 3638 864 3701; x_wconf 92' lang='lat' dir='ltr'>good</span> <span class='ocrx_word' id='word_1_375' title='bbox 886 3654 902 3687; x_wconf 89' lang='lat' dir='ltr'>a</span> <span class='ocrx_word' id='word_1_376' title='bbox 922 3640 1052 3687; x_wconf 81' lang='lat' dir='ltr'>nobleman</span> <span class='ocrx_word' id='word_1_377' title='bbox 1074 3651 1103 3683; x_wconf 85' lang='lat' dir='ltr'>as</span> <span class='ocrx_word' id='word_1_378' title='bbox 1123 3646 1151 3685; x_wconf 90' lang='lat' dir='ltr'>to</span> <span class='ocrx_word' id='word_1_379' title='bbox 1175 3638 1270 3687; x_wconf 87' lang='lat' dir='ltr'>shut</span> 
     </span>
     <span class='ocr_line' id='line_1_40' title="bbox 191 3705 1130 3771; baseline 0.007 -18"><span class='ocrx_word' id='word_1_380' title='bbox 191 3712 287 3763; x_wconf 56' lang='grc' dir='ltr'>πανοπε</span> <span class='ocrx_word' id='word_1_381' title='bbox 299 3722 359 3754; x_wconf 84' lang='lat' dir='ltr'>nam</span> <span class='ocrx_word' id='word_1_382' title='bbox 371 3706 483 3764; x_wconf 83' lang='lat' dir='ltr'>Qumtur</span> <span class='ocrx_word' id='word_1_383' title='bbox 488 3708 587 3768; x_wconf 79' lang='lat' dir='ltr'>qnzdenz</span> <span class='ocrx_word' id='word_1_384' title='bbox 589 3708 687 3769; x_wconf 82' lang='lat' dir='ltr'>frater</span> <span class='ocrx_word' id='word_1_385' title='bbox 739 3720 804 3770; x_wconf 92' lang='lat' dir='ltr'>your</span> <span class='ocrx_word' id='word_1_386' title='bbox 816 3721 876 3771; x_wconf 89' lang='lat' dir='ltr'>eyes</span> <span class='ocrx_word' id='word_1_387' title='bbox 889 3714 917 3753; x_wconf 92' lang='lat' dir='ltr'>to</span> <span class='ocrx_word' id='word_1_388' title='bbox 929 3705 1016 3756; x_wconf 87' lang='lat' dir='ltr'>what&#39;</span> <span class='ocrx_word' id='word_1_389' title='bbox 1009 3721 1032 3756; x_wconf 83' lang='lat' dir='ltr'>ts</span> <span class='ocrx_word' id='word_1_390' title='bbox 1044 3705 1130 3758; x_wconf 80' lang='lat' dir='ltr'>noble’</span> 
     </span>
    </p>
   </div>
   <div class='ocr_carea' id='block_1_5' title="bbox 0 0 1293 4200">
    <p class='ocr_par' dir='ltr' id='par_1_8' title="bbox 0 0 1293 4200">
     <span class='ocr_line' id='line_1_41' title="bbox 0 0 1293 4200; baseline 0 0"><span class='ocrx_word' id='word_1_391' title='bbox 0 0 1293 4200; x_wconf 95' lang='lat' dir='ltr'> </span> 
     </span>
    </p>
   </div>
  </div>
 </body>
</html>
