2575 4200
36 264 200 330 Fauen]
386 262 554 313 crcuno's
579 264 754 313 narrans.
1040 262 1087 313 201

36 454 83 495 ne
101 453 141 495 ex
157 432 288 496 eventis
306 433 434 514 fingere
450 431 590 495 viderer.
642 431 711 495 Sed
727 441 840 494 tamen
859 430 993 513 plurimi
1009 440 1088 493 sunt

36 550 148 603 testes
173 561 226 603 me
252 550 286 603 et
311 540 416 615 initio,
444 560 486 602 ne
512 540 733 621 coniungeret
763 560 800 602 se
828 560 904 603 cum
934 538 1086 613 Caesare,

38 648 212 711 monuisse
231 648 424 730 Pompeium
443 658 476 711 et
494 657 621 729 postea,
642 668 685 710 ne
703 647 911 730 seiungeret;
934 647 1089 711 coniunc-

37 757 135 819 tione
164 756 276 838 frangi
309 766 444 819 senatus
478 776 569 837 opes,
596 755 804 843 diiunctione
836 755 932 818 civile
965 755 1086 818 bellum

38 865 178 928 excitari
191 865 354 928 videbam.
390 863 507 946 Atque
521 864 640 927 utebar
656 863 915 927 familiarissime
933 863 1085 939 Caesare,

40 972 236 1054 Pompeium
253 972 418 1036 faciebam
435 972 579 1053 plurimi,
599 973 658 1035 sed
679 981 750 1035 erat
775 992 886 1035 meum
912 972 1087 1035 consilium

40 1102 119 1144 cum
136 1081 232 1144 fidele
251 1080 419 1162 Pompei0‚
438 1090 510 1149 tum
529 1081 675 1144 salutare
691 1080 833 1162 utrique.
885 1080 981 1163 Quae
997 1100 1088 1162 prae·
1107 1103 1121 1155 5

40 1198 135 1252 terea
158 1188 359 1271 providerim
392 1198 586 1271 praetereo;
618 1188 696 1251 nolo
725 1188 814 1251 enim
847 1188 937 1251 hunc
961 1189 1003 1251 de
1035 1209 1088 1251 me

40 1298 168 1378 optime
199 1296 356 1360 meritum
389 1296 580 1360 existimare
605 1317 643 1360 ea
668 1317 722 1359 me
746 1297 894 1359 suasisse
919 1296 1086 1379 Pompeio,

41 1405 163 1487 quibus
179 1404 235 1468 ille
252 1404 282 1468 si
299 1405 475 1486 paruisset,
495 1414 585 1468 esset
609 1405 664 1468 hic
680 1404 814 1487 quidem
832 1404 940 1467 clarus
951 1404 992 1467 in
1009 1414 1089 1487 toga

42 1522 75 1575 et
93 1513 258 1595 princeps,
279 1514 338 1576 sed
362 1522 475 1576 tantas
499 1533 591 1595 opes,
610 1521 751 1595 quantas
776 1533 865 1575 nunc
890 1512 1000 1588 habet,
1019 1533 1087 1575 non

43 1620 190 1685 haberet.
248 1622 407 1684 Eundum
441 1621 474 1684 in
509 1621 710 1703 Hispaniam
743 1620 869 1683 censui.
915 1620 1027 1702 *Quod
1046 1621 1088 1712 si

42 1728 191 1804 iecisset,
211 1728 308 1792 civile
328 1729 451 1792 bellum
478 1728 606 1791 nullum
632 1728 770 1791 omnino
793 1728 925 1791 fuisset.
976 1728 1088 1791 Ratio-

45 1856 119 1899 nem
136 1837 251 1900 haberi
267 1838 419 1901 absentis
436 1857 503 1900 non
527 1846 596 1899 tam
622 1837 769 1918 pugnavi
794 1845 831 1899 ut
855 1836 971 1899 liceret
988 1857 1086 1918 quam

46 1954 90 2019 ut,
117 1945 275 2027 quoniam
300 1945 373 2027 ipso
399 1946 538 2009 consule
564 1953 737 2026 pugnante
763 1944 906 2026 populus
932 1944 1085 2019 iusserat,

46 2052 231 2118 haberetur.
283 2053 394 2118 Causa
420 2062 494 2118 orta
519 2053 598 2118 belli
627 2063 689 2117 est.
741 2053 831 2136 Quid
856 2073 919 2135 ego
944 2062 1087 2135 praeter·

47 2162 119 2225 misi
135 2172 194 2226 aut
210 2162 413 2226 monitorum
437 2172 494 2226 aut
512 2162 732 2245 querelarum,
751 2183 827 2226 cum
844 2162 896 2225 vel
921 2162 1087 2244 iniquissi-

48 2289 130 2334 mam
154 2291 271 2352 pacem
300 2270 487 2334 iustissimo
515 2270 603 2334 bello
631 2270 859 2334 anteferrem?
911 2269 1012 2333 Victa
1035 2271 1122 2333 este

48 2379 224 2442 auctoritas
249 2398 333 2454 mea,
353 2398 420 2441 non
444 2388 513 2441 tam
538 2399 558 2442 a
582 2378 740 2460 Pompeio
768 2387 857 2464 (nam
882 2377 910 2440 is
935 2379 1087 2441 moveba-

47 2526 105 2590 ing),
124 2536 260 2579 eto—ne
280 2564 287 2578 .
305 2565 312 2578 .
330 2565 335 2576 .
354 2529 539 2593 seiungeretz

48 2594 76 2641 cf.
99 2597 201 2656 mederi,
225 2597 273 2659 Ep.
296 2597 384 2644 XLII.
404 2610 416 2642 2
436 2611 469 2652 n.,
487 2595 539 2644 and

50 2662 159 2725 Philipp.
169 2676 192 2709 2.
203 2676 235 2722 24
245 2679 299 2710 meu
312 2665 359 2711 illa
371 2679 421 2710 vox
433 2669 470 2710 est
481 2670 538 2711 nota

50 2731 148 2776 multis:
179 2730 311 2786 ‘Vtinum,
342 2731 454 2791 Pompei,
480 2746 537 2778 cum

52 2795 153 2844 Caesare
172 2797 311 2844 societatem
332 2804 380 2843 aut
397 2811 538 2859 numquam

48 2863 128 2910 coisses
147 2869 195 2909 aut
216 2878 359 2924 numquam
381 2861 540 2910 diremisscs?

50 2928 258 2992 —Pompeium
278 2962 285 2976 .
303 2962 310 2976 .
328 2962 334 2975 .
353 2928 488 2991 plurimi:
506 2927 539 2976 ci.

50 2994 95 3040 Au.
107 2994 132 3042 8.
146 3009 167 3042 2.
182 3010 197 3055 4
212 2994 323 3058 (written
342 2994 368 3042 in
381 3008 413 3057 49
427 2995 486 3056 uc.)
499 3010 542 3057 ego

51 3067 96 3120 pro
118 3063 240 3124 Pompeio
259 3061 366 3109 libenter
387 3063 468 3109 emori
485 3068 541 3122 pos·

50 3141 120 3184 sum,·
136 3128 209 3191 faca'o
221 3129 311 3189 pluris
329 3129 443 3174 omnium
462 3127 541 3176 homi-

51 3208 104 3240 num
118 3196 254 3242 neminem.

80 3273 99 3323 5.
125 3261 221 3311 hunc:
252 3263 289 3308 τῖε.
314 3260 539 3310 Caesar—ille:

51 3326 81 3372 iu.
102 3328 405 3392 Pompey—eundum
430 3328 459 3376 in
485 3327 540 3375 Hi-

52 3394 177 3454 spaniam
191 3393 308 3442 censui:
321 3394 365 3442 the
377 3395 500 3456 province
513 3393 541 3440 of

53 3457 131 3520 Spain,
142 3460 227 3509 which
238 3462 352 3525 Pompey
362 3459 414 3508 had
424 3459 541 3509 received

53 3533 73 3572 at
84 3527 126 3576 the
139 3529 211 3576 close
224 3526 254 3574 of
271 3525 312 3576 his
326 3526 424 3575 second
442 3526 541 3575 consul·

52 3590 108 3657 ship,
126 3594 152 3642 in
179 3606 210 3658 55
235 3604 294 3651 ue,
312 3593 355 3641 for
372 3608 387 3640 a
404 3592 495 3656 period
513 3592 542 3641 of

53 3655 93 3708 five
105 3676 190 3725 years,
205 3675 258 3708 was
271 3658 381 3722 granted
393 3667 421 3709 to
434 3659 487 3707 him
499 3659 541 3707 tor

54 3721 94 3774 five
111 3742 186 3791 years
204 3727 298 3789 longer
315 3733 342 3774 at
360 3726 404 3774 the
424 3727 494 3775 close
512 3725 542 3774 of

54 3788 85 3839 his
107 3793 176 3841 third
200 3792 362 3854 consulship,
383 3793 409 3840 in
435 3807 464 3856 52
491 3805 539 3839 uic.

592 2528 681 2576 While
689 2528 868 2591 retainingthe
876 2528 1006 2590 province,
1014 2530 1087 2577 Pom·

590 2611 641 2660 pey
653 2594 752 2660 stayed,
765 2595 892 2651 however,
905 2595 933 2642 in
946 2595 1020 2659 Italy,
1029 2624 1062 2631 -
1071 2611 1088 2644 a

591 2676 684 2710 course
702 2661 731 2708 of
753 2662 838 2710 action
857 2661 902 2709 the
919 2661 1043 2726 illegality
1060 2662 1088 2710 oi

591 2727 674 2776 which
685 2726 738 2776 laid
750 2728 803 2775 him
816 2743 884 2790 open
894 2735 921 2774 to
931 2728 975 2776 the
985 2729 1088 2777 attacks

592 2795 621 2842 of
638 2794 683 2842 the
696 2794 865 2852 Caesarians3
883 2793 935 2842 and
948 2794 1048 2851 Cicero,
1061 2795 1087 2843 in

592 2861 714 2923 advising
731 2860 787 2909 that
808 2863 923 2924 Pompey
940 2861 1037 2909 should
1054 2877 1087 2924 go

593 2935 620 2975 to
634 2928 723 2990 Spain,
737 2926 824 2975 would
838 2927 904 2975 have
922 2927 989 2976 been
1001 2929 1088 2990 acting

592 2994 619 3041 in
632 2994 677 3043 the
689 2994 811 3042 interests
823 2993 853 3041 of
864 2993 996 3059 harmony.
1033 2995 1088 3043 Cic-

592 3076 637 3109 ero
650 3060 776 3124 probably
787 3075 853 3122 gave
866 3061 910 3108 the
922 3059 1013 3109 advice
1025 3060 1088 3109 indi-

592 3127 668 3176 cated
680 3126 773 3189 during
785 3127 829 3175 the
842 3128 956 3190 meeting
968 3128 997 3175 of
1015 3130 1089 3175 Pom-

591 3194 682 3256 peians
701 3201 728 3242 at
750 3194 849 3256 Capua,
867 3209 901 3242 on
921 3193 979 3252 Jan.
999 3206 1038 3258 25,
1055 3206 1088 3256 49

593 3272 654 3318 B.c.;
672 3260 705 3308 cf.
718 3262 791 3308 Fam.
808 3259 845 3309 16.
866 3274 903 3307 12.
922 3275 937 3324 3
955 3259 1016 3309 with
1035 3262 1087 3307 An.

592 3341 614 3387 7.
630 3339 668 3390 15.
686 3341 717 3387 23
735 3327 768 3375 cf.
787 3327 843 3376 also
855 3328 906 3375 Ate.
925 3339 948 3388 7.
969 3340 1006 3386 14·
1027 3340 1088 3373 1.—

592 3394 733 3442 rationem
747 3394 896 3442 absentis:
914 3392 960 3441 the
974 3392 1042 3455 right
1060 3392 1089 3440 of

593 3460 670 3522 suing
695 3460 738 3508 for
767 3461 811 3508 the
840 3459 990 3521 consulship
1014 3459 1089 3507 while

592 3526 685 3575 absent
708 3526 778 3575 from
801 3527 845 3574 the
869 3526 927 3590 city.
967 3526 1016 3574 See
1040 3525 1088 3589 Ep.

593 3593 681 3641 XLII.
690 3592 784 3640 introd.
793 3602 866 3652 note;
879 3592 935 3640 also
946 3601 975 3641 ut
982 3593 1089 3641 absentis

592 3661 659 3706 ratio
667 3660 809 3717 haberetur,
820 3659 867 3722 Ep.
877 3659 959 3706 XLV.
970 3673 985 3722 3
994 3675 1028 3716 n.,
1038 3657 1090 3706 and
1167 3715 1171 3719 g

593 3726 658 3773 Intr.
682 3726 843 3789 21.-ipso
870 3726 987 3774 consule
1016 3740 1090 3790 pug-

591 3799 697 3840 nante:
715 3809 747 3840 sc.
763 3793 885 3855 Pompey.
