2575 4200
208 259 242 310 ro
548 261 715 309 cresuos
742 261 914 310 narrans.
1074 260 1130 325 [ap.
1145 259 1230 307 xum,
1274 269 1275 290 ι

209 429 306 510 quod,
325 448 401 491 cum
426 427 459 491 in
485 427 622 510 Sigeum
645 429 802 504 venisset,
822 428 1014 492 Alexander
1037 430 1079 491 ab
1104 429 1232 490 Homero
1274 439 1275 475 l

209 535 335 599 Achilli
350 536 512 599 tributum
526 556 600 600 esse
613 537 704 611 dixit,
717 537 776 600 sed
793 538 891 599 etiam
908 558 1009 619 grave
1027 536 1232 600 testimonium
1274 547 1275 584 ἓ

209 644 413 726 impertitum
446 644 525 707 clari
557 645 698 707 hominis
731 645 908 726 magnique
932 645 1091 708 videatur.
1140 643 1233 706 Placet
1274 655 1275 692 t

210 751 297 814 enim
315 751 446 815 Hector
464 752 519 814 ille
541 753 621 814 mihi
647 753 837 815 Naevianus
854 753 910 834 qui
927 745 994 814 non
1019 761 1146 815 tantum
1167 751 1235 812 ‘lau-
1274 763 1275 800 1

174 858 190 907 8
209 858 296 921 dari’
312 880 348 923 se
364 859 517 934 laetatur,
532 861 590 923 sed
608 861 698 923 addit
716 861 814 924 etiam
834 873 872 923 ‘a
888 861 1022 924 laudato
1035 860 1123 923 viro’
1152 860 1235 941 Quod
1274 871 1275 908 1

209 968 237 1030 si
260 988 279 1030 a
303 977 338 1030 te
362 989 428 1031 non
454 969 604 1050 impetr0,
623 969 687 1032 hoc
711 978 772 1043 est,
792 969 820 1032 si
835 989 920 1051 quae
944 979 979 1032 te
999 989 1052 1032 res
1069 968 1236 1050 impedierit
1274 959 1275 1018 l

208 1096 373 1158 —neque
391 1077 478 1139 enim
493 1076 546 1140 fas
563 1097 637 1139 esse
654 1077 795 1140 arbitror
812 1077 985 1159 quicquam
1003 1097 1056 1139 me
1081 1087 1236 1158 rogantem
1274 1085 1275 1124 t

209 1184 269 1246 abs
300 1193 335 1246 te
366 1205 434 1247 non
465 1185 709 1267 impetrare,-
726 1205 825 1267 cogar
855 1185 999 1248 fortasse
1030 1185 1140 1248 facere
1164 1183 1237 1266 quod
1274 1193 1275 1232 t

210 1292 361 1355 nonnulli
377 1313 476 1374 saepe
493 1293 758 1374 reprehendunt:
782 1293 922 1356 scribam
947 1294 1018 1374 ipse
1035 1294 1077 1355 de
1093 1313 1155 1367 me,
1172 1291 1238 1354 mul-

210 1410 318 1462 torum
336 1411 449 1462 tamen
467 1401 618 1482 exemplo
634 1410 668 1463 et
686 1401 849 1464 clarorum
866 1401 1021 1464 virorum·
1069 1400 1146 1476 Sed,
1163 1399 1238 1482 quod

209 1517 244 1570 te
269 1528 336 1570 non
360 1508 457 1590 fugit,
484 1509 565 1572 haec
590 1520 669 1571 sunt
694 1509 727 1571 in
753 1509 815 1573 hoc
840 1529 964 1590 genere
988 1509 1083 1572 vitia:
1108 1519 1140 1572 et
1163 1526 1239 1570 vere·

210 1617 350 1678 cundius
373 1617 435 1698 ipsi
458 1617 501 1678 de
512 1606 599 1717 [sese
623 1617 769 1680 scribant
796 1636 934 1680 necesse
960 1626 1020 1691 est,
1048 1618 1075 1680 si
1100 1618 1239 1700 quidest

210 1724 306 1787 lauda
331 1725 419 1798 dum,
435 1734 468 1786 et
485 1735 707 1806 praetereant,
723 1726 750 1787 si
767 1726 844 1807 quid
863 1726 1173 1807 reprehendendum
1190 1733 1238 1786 est.

210 1831 339 1895 Accedr
390 1833 469 1895 tiam
488 1842 523 1895 ut
541 1833 649 1895 minor
665 1834 707 1896 sit
725 1834 816 1908 fides,
832 1834 939 1896 minor
957 1834 1147 1909 auctoritas,
1160 1831 1242 1896 multi

210 1941 353 2023 denique
366 1903 611 2047 repbehendant
627 1951 661 2003 et
676 1941 786 2003 dicant
801 1943 1056 2005 verecundiores
1074 1962 1149 2006 esse
1164 1961 1241 2024 prae-

210 2069 310 2112 cones
335 2048 755 2153 ludorumpgymnicorum,
783 2049 839 2133 qui
863 2070 948 2155 cumi
964 2050 1083 2114 ceteris
1117 2068 1243 2114 coronas

209 2157 425 2238 imposuerint
451 2158 631 2219 victoribus
661 2178 842 2240 eorumque
871 2158 1005 2221 nomina
1027 2179 1151 2241 magna
1174 2177 1243 2220 voce

208 2266 462 2347 pronuntiarint,
482 2286 556 2328 cum
574 2266 636 2347 ipsi
652 2276 731 2328 ante
756 2266 908 2329 ludorum
926 2267 1116 2329 missionem
1135 2285 1245 2331 corona

209 2374 385 2448 donentur,
412 2373 512 2455 alium
536 2394 734 2455 praeconem
755 2375 942 2449 adhibeant,
962 2395 1005 2439 ne
1030 2396 1090 2438 sua
1113 2396 1195 2439 voce
1217 2392 1245 2436 se

175 2494 191 2544 9
208 2482 270 2562 ipsi
286 2482 428 2544 victores
447 2501 520 2544 esse
537 2482 740 2563 praedicent.
794 2482 888 2545 Haec
906 2503 966 2545 nos
983 2484 1087 2545 vitare
1105 2484 1245 2565 cupimus

209 2599 253 2663 et,
272 2589 299 2651 si
316 2589 432 2671 recipis
450 2610 582 2652 causam
599 2598 757 2663 nostram,
776 2590 961 2664 vitabimus,
982 2591 1080 2672 idque
1098 2602 1135 2654 ut
1154 2591 1245 2654 iacias

208 2716 373 2778 rogamus.
434 2697 487 2760 Ac
512 2718 555 2759 ne
583 2698 673 2759 forte
703 2698 820 2761 mirere
850 2719 916 2772 cur,
941 2719 1016 2760 cum
1044 2699 1125 2761 mihi
1158 2716 1246 2780 saepe

208 2805 393 2867 ostenderis
418 2815 452 2867 te
475 2806 723 2869 accuratissime
748 2815 938 2869 nostrorum
967 2816 1155 2887 temporum
1182 2826 1247 2871 con·

208 2912 279 2975 silia
302 2922 404 2995 atque
428 2922 569 2976 eventus
594 2913 715 2976 litteris
741 2915 984 2989 mandaturum,
1006 2936 1025 2977 a
1049 2924 1084 2978 te
1109 2915 1141 2978 id
1167 2934 1247 2978 nunc

208 3100 273 3135 curn
284 3087 313 3135 in
324 3088 444 3150 Sigeum
454 3088 595 3136 venisset:
605 3088 637 3136 cf.
649 3088 703 3136 Cic.
789 3087 811 3135 8.
826 3089 951 3137 scribam
965 3089 1027 3151 ipse
1041 3089 1076 3137 de
1090 3104 1149 3137 me:
1163 3091 1248 3139 Cicero

202 3160 254 3215 pro
271 3154 351 3201 Arch.
368 3155 569 3213 24.-1·1ector
595 3155 703 3204 Naevi·
756 3153 808 3201 had
820 3155 923 3219 already
932 3152 1249 3205 writtena‘Memoir'oi

207 3234 299 3270 anus:
318 3222 356 3267 i.e.
371 3221 472 3269 Hector
488 3221 514 3268 in
533 3222 578 3268 the
596 3221 704 3285 tragedy
756 3221 796 3269 his
809 3221 959 3284 consulship
971 3222 998 3269 in
1016 3222 1102 3269 Greek
1117 3222 1184 3286 (Art.
1200 3235 1248 3271 2.1¹

208 3286 313 3350 (Hector
331 3287 504 3349 proficiscens)
526 3287 555 3334 of
579 3288 702 3335 Naevius.
758 3301 781 3348 1;
797 3301 818 3334 r.
829 3302 867 3336 20.
878 3287 913 3349 6),
927 3287 978 3335 and
992 3297 1045 3335 two
1057 3303 1132 3353 years
1145 3290 1214 3338 later
1224 3290 1249 3336 he

208 3353 322 3415 Writing
333 3361 361 3401 to
374 3354 414 3401 his
427 3354 529 3416 literary
541 3353 626 3401 friend
640 3355 703 3402 Luc·
755 3354 898 3416 composed
911 3369 926 3401 a
938 3370 1015 3417 poem
1031 3354 1058 3401 in
1076 3354 1151 3404 three
1168 3356 1248 3404 books

206 3420 285 3477 ceius,
304 3420 397 3468 Cicero
416 3420 480 3467 cites
498 3419 542 3467 the
563 3428 637 3468 exact
661 3436 703 3468 au·
756 3436 826 3483 upon
839 3421 884 3468 the
896 3436 967 3469 same
979 3420 1082 3484 subject
1096 3422 1183 3484 (Fam.
1200 3436 1248 3484 hp

207 3487 304 3551 thority
311 3487 584 3550 (HectorNaevianus)
593 3487 703 3534 without
756 3489 848 3550 23).-
858 3487 1032 3536 multorum:
1049 3504 1093 3549 ag.
1113 3488 1189 3537 Sulla
1206 3486 1249 3537 and

206 3553 356 3602 hesitation.
400 3553 431 3599 In
455 3567 471 3600 a
489 3553 565 3600 letter
585 3560 613 3600 to
634 3553 703 3601 Cato
757 3554 792 3601 M.
811 3555 1162 3617 Scaurus-praecones:
1191 3557 1249 3604 after

207 3621 266 3682 (Ep.
275 3618 457 3678 XXXVIIL),
465 3618 571 3681 making
579 3620 623 3668 the
630 3634 702 3667 same
755 3620 799 3668 the
810 3621 885 3668 other
897 3628 1014 3669 contests
1024 3620 1068 3667 the
1080 3620 1189 3671 heralds
1199 3638 1249 3671 con·

206 3686 352 3748 quotation,
365 3686 398 3733 he
411 3684 485 3742 adds,
499 3687 584 3747 inquit
599 3687 701 3742 Hector,
755 3685 851 3734 tended
863 3686 924 3733 with
941 3702 991 3734 one
1009 3686 1128 3744 another,
1146 3688 1202 3737 and
1214 3690 1249 3738 the

206 3764 315 3799 0P1NOR
331 3753 403 3814 apud
412 3753 550 3799 Naevium.
712 3784 715 3789 -
756 3753 839 3800 victor
851 3752 969 3801 received
984 3754 1117 3801 awreath.
