2575 4200
184 242 188 251 '
218 258 268 310 200
554 258 722 310 crcnnos
746 258 921 309 tartaris.
1102 256 1222 323 [upari.
1260 277 1261 280 =

218 428 397 510 complecti
420 428 543 492 litteris
573 428 775 493 maluissem.
836 428 946 503 Nunc,
974 438 1010 492 ut
1039 446 1134 508 spero,
1156 423 1224 487 brevi
1260 476 1262 481 .

218 518 475 618 gratulabimur}
500 536 613 619 itaque
639 536 673 599 iu
698 537 787 600 aliud
813 546 947 619 tempus
973 537 1005 599 id
1030 542 1225 617 argumentum
1260 553 1262 587 1

186 644 383 727 zepistulae
410 645 539 709 differo.
601 644 666 708 His
693 655 805 708 autem
834 645 955 708 litteris
982 645 1123 707 animum
1144 651 1225 711 tuum,
1260 660 1262 697 t

219 773 318 835 quem
342 753 479 817 minime
504 748 709 817 imbecillum
735 773 811 816 esse
836 762 869 816 et
894 752 992 815 audio
1017 762 1051 816 et
1075 770 1166 833 spero,
1182 748 1228 810 etsi
1260 767 1261 772 ¹

219 881 286 924 non
315 860 566 944 sapientissimi,
596 870 630 925 at
662 861 858 925 amicissimi
889 860 1035 923 hominis
1067 858 1229 922 auctoritate

220 970 484 1033 confirmandum
502 969 602 1032 etiam
623 979 726 1052 atque
750 970 851 1032 etiam
876 978 968 1051 puto,
988 989 1050 1032 nec
1074 967 1111 1030 iis
1125 965 1230 1048 quiden

219 1077 329 1140 verbis
347 1077 468 1159 quibus
485 1087 521 1139 te
537 1077 692 1140 consoler
708 1086 745 1140 ut
762 1077 933 1140 adflictum
952 1087 985 1140 et
1003 1077 1068 1139 iarn
1089 1074 1168 1137 omni
1189 1090 1232 1152 spe

220 1184 338 1248 salutis
355 1186 520 1258 orbatum,
539 1186 599 1248 sed
622 1196 659 1249 ut
683 1205 759 1248 eum
777 1186 819 1248 de
839 1185 933 1249 cuius
952 1184 1169 1248 incolumitate
1184 1198 1232 1241 non

220 1293 295 1376 plus
312 1293 461 1357 dubitem
484 1314 584 1376 quam
609 1303 644 1357 te
662 1293 798 1357 memini
815 1294 969 1357 dubitare
987 1294 1029 1355 de
1045 1312 1124 1355 mea.
1166 1289 1233 1351 Nam

220 1422 296 1465 cum
318 1421 371 1464 me
389 1421 429 1463 ex
446 1422 482 1464 re
498 1422 528 1483 p.
548 1401 756 1483 expulissent
782 1401 805 1464 ii
829 1402 886 1484 qui
911 1401 1001 1464 illam
1025 1401 1139 1465 cadere
1160 1414 1234 1479 posse

221 1518 332 1573 stante
348 1530 403 1573 me
419 1530 486 1572 non
504 1519 673 1591 putarent,
693 1509 830 1572 memini
851 1530 904 1572 me
925 1529 966 1571 ex
990 1508 1103 1571 multis
1126 1502 1236 1585 hospiti-

221 1619 283 1681 bus
301 1618 358 1701 qui
375 1618 416 1681 ad
433 1638 487 1681 me
504 1637 544 1681 ex
561 1617 657 1693 Asia,
677 1617 711 1679 in
728 1627 846 1699 quatu
864 1638 947 1692 eras,
962 1625 1132 1690 venerant,
1148 1612 1237 1676 audire

188 1736 255 1802 3te
272 1727 313 1789 de
330 1726 476 1808 glorioso
497 1735 531 1788 et
556 1725 656 1789 celeri
681 1726 791 1789 reditu
816 1746 890 1788 meo
915 1726 1120 1789 confirmare.
1165 1720 1196 1784 Si
1214 1728 1238 1778 te

222 1836 306 1897 ratio
323 1834 484 1916 quaedam
503 1834 668 1897 Etruscae
686 1833 890 1914 disciplinae,
905 1853 1003 1916 quam
1022 1854 1042 1895 a
1057 1842 1157 1914 patre,
1170 1826 1238 1891 nobi-

222 1942 348 2005 lissimo
373 1951 474 2025 atque
499 1942 627 2023 optimo
652 1941 732 2017 viro,
759 1961 947 2023 acceperas,
973 1962 1041 2003 non
1065 1940 1189 2012 fefellit,
1210 1953 1239 1996 ne

222 2072 283 2115 nos
308 2051 442 2134 quidem
471 2060 586 2113 nostra
610 2049 772 2113 divinatio
806 2049 927 2126 fallet3
959 2070 1059 2133 quam
1083 2069 1155 2113 cum
1179 2043 1241 2126 sapi-

222 2160 472 2223 entissimorum
503 2159 649 2222 virorum
682 2159 910 2222 monumentis
942 2168 1043 2240 atque
1079 2153 1240 2241 praeceptis

222 2267 440 2350 plurimoque,
467 2277 504 2329 ut
529 2276 566 2330 tu
592 2267 668 2342 scis,
695 2267 868 2330 doctrinae
898 2267 1019 2342 studio,
1046 2276 1118 2328 tum
1145 2280 1242 2345 magno

223 2376 323 2439 etiam
341 2396 403 2438 usu
420 2376 614 2448 tractandae
634 2373 683 2438 rei
707 2397 737 2457 p.
757 2395 945 2458 magnaque
970 2384 1160 2437 nostrorum
1182 2383 1242 2434 ten-

188 2516 204 2562 4
222 2504 339 2566 porum
356 2483 518 2546 varietate
538 2483 712 2567 consecuti
738 2504 863 2547 sumus.
915 2483 978 2547 Cui
993 2484 1128 2565 quidem
1145 2481 1244 2544 divina-

222 2592 307 2654 tioni
323 2593 386 2655 hoc
403 2591 477 2673 plus
494 2591 703 2667 confidimus,
722 2592 811 2674 quod
836 2611 876 2654 ea
899 2612 961 2654 nos
977 2591 1061 2654 nihil
1078 2592 1113 2654 in
1129 2591 1180 2652 his
1194 2598 1242 2650 tan

223 2700 374 2763 obscuris
403 2701 502 2763 rebus
536 2710 671 2783 tamque
703 2700 908 2781 perturbatis
941 2720 1100 2782 umquam
1132 2697 1244 2761 omnino

222 2807 353 2872 fefellit.
395 2808 552 2871 Dicerem
569 2829 655 2890 quae
671 2816 750 2870 ante
767 2807 882 2871 futura
898 2808 1068 2883 dixissem,
1087 2808 1122 2870 ni
1137 2820 1245 2869 vereret

258 2964 279 2996 2.
298 2949 375 3012 iiqui
388 2984 394 2998 .
408 2984 415 2997 .
429 2985 436 2997 .
450 2956 600 3013 putarent:
625 2949 718 2997 Cicero

222 3015 350 3080 probably
362 3016 409 3064 has
423 3017 520 3064 Caesar
532 3014 584 3063 and
604 3016 719 3079 Pompey

223 3083 249 3130 in
268 3082 339 3130 mind
357 3098 385 3131 as
399 3082 454 3130 well
473 3099 501 3130 as
520 3081 719 3130 Clodius—in

168 3185 170 3189 ψ
224 3163 280 3212 qua
293 3157 324 3198 tu
337 3163 416 3197 eras:
435 3147 552 3211 engaged
561 3148 588 3196 in
598 3148 718 3197 business

224 3215 397 3264 transactions
409 3215 549 3281 probably3
563 3215 595 3263 cf.
609 3217 682 3263 Fam.
695 3215 719 3264 6.

223 3282 246 3330 8.
261 3296 283 3330 2.

258 3363 281 3412 3.
303 3349 444 3397 Etruscae
469 3347 655 3411 disciplinae:
684 3349 719 3396 cl.

224 3415 364 3463 studiorum
374 3417 490 3476 parium,
502 3429 521 3461 1.
530 3429 658 3478 —quam
672 3451 678 3462 .
693 3449 699 3463 .
713 3449 720 3462 .

225 3482 373 3530 consecuti
386 3495 506 3530 sumus:
528 3482 641 3530 Cicero's
656 3481 721 3529 fore·

225 3557 280 3597 cast
298 3548 327 3595 of
340 3549 384 3595 the
396 3547 483 3595 future
495 3556 561 3596 rests
575 3563 662 3610 upon:
683 3547 719 3610 (ι)

225 3614 269 3662 the
280 3615 414 3674 teachings
423 3613 451 3660 of
463 3614 522 3661 wise
535 3626 594 3660 men
607 3616 721 3675 (monu-

225 3679 331 3728 mentis
355 3688 442 3742 atque
467 3680 640 3742 praeceptis)
669 3679 721 3728 and

225 3744 266 3792 his
278 3761 335 3792 own
345 3745 423 3811 study
433 3743 462 3792 of
472 3744 630 3810 philosophy
642 3746 721 3809 (doc-

771 2949 863 2998 trinae
882 2949 989 3009 studio)
995 2965 1002 3008 ;
1022 2948 1059 3012 (2)
1079 2949 1120 2997 his
1136 2949 1198 3010 long
1212 2938 1262 3004 andl

771 3015 859 3064 varied
872 3016 1023 3078 experience
1036 3017 1062 3063 in
1075 3015 1161 3078 public
1173 3013 1245 3062 affairs
1260 3005 1262 3073 l

770 3082 932 3144 -plurimo
944 3100 950 3129 ι
963 3082 1008 3129 the
1018 3081 1169 3130 attributive
1182 3096 1221 3128 use
1229 3073 1246 3122 ol
1260 3076 1262 3102 ³

772 3149 816 3197 the
839 3149 954 3210 singular
974 3149 1111 3209 plurimus
1130 3149 1152 3197 is
1170 3143 1262 3199 rareifl,

772 3214 889 3264 classical
917 3229 1003 3277 prose,
1030 3214 1082 3262 and
1110 3215 1133 3263 is
1156 3203 1262 3282 scarcely}

771 3281 855 3330 found
872 3276 976 3329 outside
994 3281 1039 3328 the
1059 3282 1174 3329 formula
1186 3281 1262 3342 plum*

772 3365 841 3397 mam
853 3349 960 3395 salutem
978 3349 1060 3396 dicere
1074 3347 1202 3409 (Bo'ckel).
1260 3336 1262 3455 l

806 3429 828 3474 4.
847 3415 922 3478 quod
936 3428 970 3462 ea
984 3448 990 3461 .
1005 3448 1011 3462 .
1026 3414 1159 3462 .lelellit:
1172 3415 1203 3462 cf.
1213 3410 1248 3459 Cic·

772 3481 839 3529 ero’s
852 3496 908 3528 own
922 3479 1006 3528 words
1018 3480 1045 3528 in
1056 3481 1110 3527 Att.
1120 3469 1262 3545 3.15.5litl

772 3549 839 3597 milri
844 3548 961 3609 primum
973 3563 1056 3594 meum
1069 3549 1205 3595 consilium
1218 3555 1248 3591 net

771 3615 853 3661 solum
883 3613 972 3676 defuit,
1004 3613 1051 3660 sed
1078 3615 1155 3660 etiem
1185 3611 1248 3676 absul-

775 3681 853 3735 Caeci,
863 3681 934 3736 caeci,
944 3680 1173 3742 inquam,fuimus
1182 3682 1209 3726 in
1219 3691 1249 3727 vcs-

772 3749 821 3793 titu
833 3747 955 3793 mutando
966 3745 1002 3810 (in
1009 3746 1116 3810 putting
1125 3761 1161 3794 on
1170 3757 1249 3794 moun
