2575 4200
49 254 96 301 Aut
110 268 130 301 1.
146 252 197 318 16.]
376 250 544 302 CICERO’S
571 251 746 302 LETTERS.
1060 249 1090 303 17

48 421 208 484 iudicibus
226 420 378 502 effugere
400 440 508 501 posse,
527 420 678 483 contraxi
694 420 768 484 vela
791 420 998 502 perspiciens
1021 419 1090 482 ino

47 529 129 610 piam
147 528 296 592 iudicum
314 548 422 610 neque
440 528 507 590 dixi
524 528 703 610 quicquam
721 549 781 610 pro
801 528 1004 602 testimonio,
1023 527 1090 590 nisi

47 638 129 718 quod
156 646 228 701 erat
259 637 305 699 ita
330 647 448 699 notum
474 646 574 718 atque
601 646 763 699 testatum
793 646 829 699 ut
858 656 925 698 non
954 656 1089 716 possem

47 746 233 826 praeterire.
285 745 412 827 Itaque,
433 745 460 807 si
485 765 618 806 causam
645 745 778 826 quaeris
802 744 1032 818 absolutionis,
1051 753 1089 806 ut

47 853 106 916 iam
123 835 205 937 πρὸς
223 850 261 916 τὸ
278 851 436 935 πρότερον
459 861 615 927 revertar,
636 863 771 934 egestas
795 853 941 915 iudicum
965 852 1029 915 fuit
1054 861 1088 914 et

47 963 214 1044 turpitudo
221 984 229 1039 ;
257 962 289 1024 id
306 971 417 1025 autem
436 972 471 1024 ut
489 962 665 1037 accideret,
685 961 899 1025 commissum
925 971 977 1023 est
1004 961 1089 1023 Hor-

47 1071 129 1132 tensi
157 1070 309 1144 consili0,
334 1071 400 1152 qui,
424 1071 502 1132 dum
528 1070 654 1133 veritus
681 1079 732 1132 est
758 1091 800 1132 ne
827 1071 942 1132 Fufius
968 1069 998 1131 ei
1021 1069 1089 1153 legi

47 1176 274 1252 intercederet,
299 1198 384 1260 quae
409 1198 449 1241 ex
474 1188 610 1241 senatus
636 1178 791 1241 consulto
814 1178 993 1252 ferebatur,
1020 1198 1087 1239 non
1142 1200 1147 1214 ¹

46 1284 122 1348 vidit
135 1286 227 1361 illud,
241 1287 346 1348 satius
364 1307 439 1348 esse
456 1286 548 1348 illum
567 1287 601 1348 in
620 1287 757 1348 infamia
773 1285 915 1368 relinqui
931 1306 970 1348 ac
987 1286 1087 1348 sordi-

48 1393 103 1456 bus
131 1393 231 1477 quam
262 1395 392 1456 infirmo
422 1393 544 1457 iudicio
573 1394 747 1468 committi,
775 1395 833 1457 sed
862 1394 983 1457 ductus
1011 1394 1087 1456 odio

48 1502 229 1584 properavit
247 1522 316 1564 rem
334 1503 500 1566 deducere
516 1501 551 1563 in
576 1502 746 1576 iudicium,
766 1523 840 1564 cum
866 1501 959 1564 illum
984 1502 1087 1583 plum-

49 1609 103 1672 beo
119 1611 230 1693 gladio
247 1610 433 1693 iugulatum
457 1610 497 1673 iri
519 1621 632 1674 tamen
650 1611 786 1674 diceret.
837 1610 904 1673 Sed
929 1611 1086 1673 iudicium
1105 1633 1118 1683 i
1196 1656 1200 1665 .

49 1717 73 1778 si
94 1720 223 1801 quaeris
249 1720 346 1802 quale
370 1719 482 1794 fuerit,
510 1719 697 1782 incredibili
722 1719 823 1794 exitu,
851 1719 898 1782 sic
923 1719 972 1781 uti
996 1740 1086 1782 nunc

50 1845 84 1888 ex
98 1837 220 1891 eventu
238 1829 280 1891 ab
297 1828 379 1902 aliiS,
399 1849 418 1892 a
435 1849 489 1891 me
505 1837 620 1890 tamen
639 1849 680 1890 ex
696 1828 769 1910 ipso
789 1827 884 1889 initio
910 1827 1086 1890 consilium

51 1933 204 2000 Hortensi
230 1937 502 2018 reprehendatur.
563 1938 660 2011 Nam,
688 1947 725 1999 ut
750 1936 887 1999 reiectio
919 1936 1008 1998 facta
1033 1945 1085 1998 est

52 2089 207 2137 *contraxi
223 2088 299 2137 vela:
321 2088 413 2137 Cicero
431 2088 453 2138 is
470 2087 537 2137 fond

52 2152 75 2198 ol
95 2154 186 2216 figures
207 2156 294 2203 drawn
318 2155 386 2202 from
409 2156 482 2218 ships
506 2172 536 2203 or

52 2219 194 2281 shipwreck;
213 2222 255 2278 efi,
267 2222 310 2269 for
324 2222 449 2279 instance,
462 2224 535 2271 Fam.

54 2298 84 2331 η.
97 2300 131 2351 25.
146 2301 158 2352 5
170 2305 248 2351 quam
266 2290 370 2344 obrem,
383 2291 421 2337 mi
434 2290 535 2347 Quinte,

52 2356 170 2402 conscende
189 2356 324 2411 uobiscum,
342 2363 367 2403 et
384 2357 485 2418 quidem
503 2357 539 2403 ud

48 2422 158 2480 puppim,¹
179 2438 234 2469 una
252 2424 328 2469 uavir
344 2429 381 2469 est
397 2426 448 2470 iam
468 2423 536 2469 botru

51 2500 101 2533 rum
121 2491 244 2545 omnium,
263 2504 340 2551 quam
365 2490 465 2551 quidem
492 2506 537 2535 uos

51 2552 130 2600 damus
139 2562 240 2616 operam
253 2562 285 2603 ut
293 2562 385 2603 rectam
396 2562 535 2612 teneamus;

53 2621 140 2669 utinum
156 2629 280 2683 prospero
297 2621 392 2670 rursu!
415 2622 463 2678 sed,
482 2623 536 2684 qui-

52 2700 146 2749 cumque
169 2691 240 2736 venti
268 2696 352 2745 erunt,
376 2705 421 2737 urs
449 2696 536 2735 nostra

52 2760 106 2799 certe
117 2770 165 2801 uon
177 2757 265 2803 aberit.
302 2755 343 2803 Cf.
356 2756 412 2803 also
430 2755 474 2803 the
489 2754 536 2803 ref-

54 2832 133 2869 erence
143 2829 169 2869 to
180 2822 225 2870 the
233 2823 408 2883 shiowreckrd
417 2822 536 2870 fortunes

54 2884 78 2930 of
100 2887 230 2937 Catiline’s
253 2889 393 2945 followers,
417 2888 468 2936 and
492 2889 536 2937 the

54 2956 206 3015 conparison
219 2955 249 3004 of
263 2956 308 3004 the
321 2956 495 3019 conspirators
508 2963 536 3003 to

53 3017 190 3080 hilgewater
213 3023 241 3070 in
269 3023 313 3071 the
341 3024 398 3085 slrip
425 3024 456 3086 of
475 3029 538 3071 state

55 3084 86 3138 lin
109 3090 160 3136 Cat.
183 3104 205 3137 2.
225 3090 448 3153 7).-inopiam:
471 3089 537 3137 their

53 3164 147 3219 poverty
163 3156 215 3204 and
234 3156 359 3219 probable
377 3156 538 3220 venality.-

53 3230 133 3280 neque
151 3223 209 3270 dixi
229 3258 235 3270 .
256 3258 263 3270 .
282 3257 289 3270 .
308 3231 458 3271 testatum:
478 3223 537 3269 Clo-

53 3281 101 3332 dius
128 3289 193 3337 tried
217 3304 245 3337 to
270 3289 395 3337 establish
419 3305 451 3337 an
476 3288 537 3336 alibi

53 3347 80 3411 by
96 3356 201 3418 proving
224 3356 282 3403 that
300 3370 334 3403 on
353 3356 396 3404 the
417 3356 491 3417 night
510 3356 535 3402 in

54 3421 159 3475 question
183 3422 216 3470 he
241 3438 293 3470 was
322 3429 349 3469 at
378 3423 535 3477 Interamna,

54 3493 80 3540 90
90 3486 157 3537 miles
168 3488 239 3538 from
253 3490 346 3545 Rome,
359 3489 433 3537 while
443 3489 535 3537 Cicero

54 3551 152 3601 testified
169 3556 226 3604 that
243 3554 354 3603 Clodius
371 3554 423 3603 had
442 3553 535 3603 visited

54 3612 87 3662 his
107 3618 185 3670 house
209 3622 266 3671 that
289 3637 349 3686 very
368 3620 425 3685 day,
446 3622 534 3668 within

54 3679 115 3732 three
131 3687 209 3737 hours
229 3688 259 3736 of
276 3688 321 3736 the
340 3688 401 3736 time
419 3688 444 3735 in
463 3703 536 3750 ques·

54 3746 101 3797 tion
113 3751 152 3814 (cf.
165 3757 218 3803 Art.
233 3770 254 3803 2.
272 3768 291 3801 1.
306 3767 331 3819 53
345 3755 411 3802 Plut.
425 3756 473 3802 Cu.
484 3754 534 3816 29).

588 2087 692 2151 -πρὸς
703 2087 735 2137 τὸ
748 2091 890 2151 πρότερον
908 2095 937 2137 to
953 2095 1041 2137 return
1057 2095 1086 2136 to

589 2156 633 2204 the
643 2156 699 2204 first
709 2156 837 2219 question,
848 2158 885 2202 iu.
895 2156 961 2219 quid
968 2156 1088 2202 acciderit

588 2224 618 2269 de
627 2224 727 2270 iudicio.
734 2252 767 2257 —
775 2221 902 2278 infamia,
911 2223 1030 2283 disgram
1038 2229 1086 2269 not

589 2289 748 2352 technically,
764 2290 830 2335 ‘loss
840 2288 869 2334 of
878 2287 1045 2349 citizenship!
1052 2316 1086 2323 —

589 2356 735 2403 sordibus:
754 2356 798 2402 the
814 2354 953 2416 mourning
964 2370 1033 2401 worn
1052 2353 1086 2418 by

588 2438 697 2483 persons
715 2421 826 2469 accused
847 2420 990 2484 (Watson).
1001 2421 1085 2470 —iu-

588 2489 721 2550 gulatum
745 2488 795 2535 iri:
818 2488 931 2551 scarcely
950 2503 965 2535 a
982 2488 1086 2551 literary

588 2554 667 2611 word,
687 2554 733 2602 but
757 2553 892 2602 borrowed
915 2554 984 2602 from
1008 2555 1086 2602 collo-

587 2622 657 2684 quial
669 2622 753 2669 Latin.
779 2621 860 2676 Thus,
870 2621 902 2669 ci.
915 2622 997 2668 Plaut.
1005 2622 1085 2668 Stich.

591 2688 633 2751 581
656 2690 692 2735 ita
710 2690 748 2735 mi
763 2695 876 2735 auctores
885 2688 970 2750 fuere,
989 2695 1020 2735 ut
1035 2703 1086 2749 ego-

588 2763 639 2803 met
650 2772 690 2802 me
701 2756 775 2802 hodie
790 2756 933 2815 iugularem
946 2756 1034 2817 fomc;
1052 2754 1084 2801 cf.

588 2822 644 2869 also
659 2823 725 2868 lior.
738 2824 792 2868 Sat.
804 2835 824 2867 1.
836 2835 858 2881 7.
869 2835 907 2884 35.
917 2821 1067 2868 —diceret
1079 2838 1085 2867 z

588 2889 620 2935 cf.
634 2890 731 2944 diceret,
743 2890 790 2949 Ep.
805 2888 824 2934 l.
838 2901 853 2950 3
865 2903 890 2933 n.

622 2969 644 3019 3.
664 2954 823 3003 incredibili
844 2955 932 3002 exitu:
955 2971 987 3001 sc.
1007 2955 1084 3017 fuit,·

588 3021 621 3069 cf.
644 3022 707 3069 lntr.
730 3022 863 3085 95.-sic
887 3021 935 3068 has
959 3020 1020 3068 here
1040 3021 1085 3067 the

587 3088 659 3135 force
689 3088 718 3135 of
745 3104 762 3135 a
790 3087 921 3149 predicate
955 3086 1085 3149 adjective

588 3155 656 3203 after
677 3156 738 3218 fuit
763 3163 790 3202 to
814 3154 847 3201 be
869 3152 999 3215 supplied:
1024 3154 1084 3201 ‘the

588 3221 647 3269 trial
665 3237 717 3269 was
735 3220 764 3268 of
784 3221 848 3268 such
866 3236 882 3267 a
899 3220 1006 3267 nature)
1042 3219 1084 3266 Cf.

589 3289 673 3336 Plaut.
702 3289 774 3335 Triu.
804 3286 844 3345 46,
874 3286 968 3333 Catull.
997 3300 1019 3348 3.
1046 3300 1098 3349 13,·

589 3355 655 3402 Hor.
670 3355 724 3402 Sar.
738 3368 760 3400 2.
778 3368 798 3399 2.
817 3367 871 3409 120,
886 3353 1021 3400 Petronius
1037 3352 1084 3412 46;

587 3420 638 3468 and
657 3436 700 3468 see
721 3421 784 3467 Intr.
802 3419 841 3483 85.
853 3419 1020 3466 -reiecti0:
1039 3418 1084 3466 the

587 3487 754 3550 prosecution
767 3486 818 3533 and
836 3486 881 3533 the
899 3484 1006 3533 defense
1023 3484 1083 3541 had,

587 3569 615 3601 as
629 3554 689 3600 with
707 3568 745 3605 us,
764 3552 809 3600 the
826 3552 950 3614 privilege
968 3552 996 3599 of
1014 3558 1020 3578 ‘
1030 3567 1085 3613 per·

587 3620 725 3682 emptorily
748 3618 927 3680 challenging'
948 3633 964 3665 a
987 3619 1084 3666 certain

586 3686 697 3734 number
720 3684 749 3732 of
772 3687 872 3741 iudices,
892 3684 979 3732 whose
996 3686 1084 3747 places

586 3769 652 3800 were
665 3752 727 3800 then
740 3750 811 3798 filled
826 3750 861 3815 by
872 3766 928 3798 new
940 3765 1006 3798 men.
1043 3753 1083 3799 Cf.
