2575 4200
1257 158 1263 208 i

1258 229 1262 256 ι

1256 309 1273 356 d
1281 348 1283 351 .

209 251 241 301 32
304 239 306 243 '
552 251 720 299 crcsno’s
745 252 919 301 narrans.
1140 253 1207 318 [Ep
1220 255 1262 300 v,

210 420 282 483 eius
299 418 446 482 animum
466 426 499 482 et
521 418 686 482 insedisse
703 420 864 501 quasdam
885 418 1020 482 odiosas
1038 415 1263 501 suspicione

210 528 330 611 quibus
348 548 411 609 ego
429 527 555 589 mederi
578 547 654 590 cum
681 548 837 608 cuperem
862 537 962 590 antea
987 549 1088 609 saepe
1114 539 1150 591 et
1170 532 1252 591 vehe
1269 529 1274 607 ζ

210 636 356 699 mentius
375 636 475 697 etiam
493 644 569 717 post
588 635 801 698 sortitionem
818 635 1020 716 provinciae,
1038 657 1101 699 nec
1129 645 1231 700 tantu

209 744 446 825 intellegebam
469 743 499 804 ei
525 763 601 805 esse
617 743 997 826 offensionisffquantum
1021 744 1160 809 litterae
1187 755 1244 809 tua

209 852 427 926 declararunt,
447 871 508 913 nec
526 860 659 914 tantum
681 852 895 934 proficiebam
913 862 1076 935 quantum
1092 854 1259 919 volebam.
1276 844 1283 861 ⁹

176 983 189 1016 2
210 961 276 1024 Sed
301 970 414 1022 tamen
440 959 503 1021 hoc
527 980 580 1021 me
606 959 678 1041 ipse
701 960 906 1036 consolabar,
925 962 1014 1043 quod
1039 982 1108 1023 non
1134 964 1251 1025 dubita
1281 966 1283 1047 J

208 1070 284 1132 bam
301 1068 381 1151 quin
398 1077 433 1130 te
450 1066 505 1130 ille
523 1076 580 1129 aut
599 1068 766 1152 Dyrrachi
782 1077 840 1131 aut
866 1068 900 1131 in
925 1068 1000 1132 istis
1024 1069 1107 1132 locis
1130 1072 1280 1154 uspiam

206 1177 338 1240 visurus
356 1186 462 1252 esset;
485 1176 574 1257 quod
592 1197 669 1239 eum
686 1177 874 1251 accidisset,
893 1177 1102 1269 cpniidebam
1122 1200 1162 1241 ac
1181 1180 1269 1266 mihiq

207 1306 436 1367 persuaseram
461 1285 534 1346 fore
559 1293 596 1346 ut
622 1284 735 1346 omnia
759 1283 972 1365 placarentur
996 1285 1175 1362 intervos,
1197 1269 1268 1349 non¹

208 1395 304 1456 modo
323 1413 478 1456 sermone
494 1414 533 1455 ac
550 1392 789 1473 disputatione,
809 1393 868 1455 sed
887 1403 1072 1474 conspectu
1091 1394 1168 1475 ipso
1187 1417 1261 1459 con-

207 1522 391 1585 gressuque
416 1510 538 1563 vestro.
590 1501 678 1563 Nam
704 1511 830 1582 quanta
862 1500 905 1563 sit
938 1501 974 1563 in
1000 1502 1130 1585 Quinto
1156 1504 1260 1565 fratre

207 1631 280 1674 meo
307 1610 457 1684 comitas,
485 1618 611 1691 quanta
636 1603 837 1684 iucunditas,
865 1630 964 1691 quam
991 1609 1099 1671 mollis
1127 1602 1283 1674 animus¹

208 1728 240 1782 et
258 1719 299 1781 ad
316 1718 544 1799 accipiendam
563 1728 596 1780 et
614 1718 655 1780 ad
672 1718 906 1797 deponendam
923 1718 1161 1794 offensionem,
1178 1718 1260 1781 nihil

206 1829 328 1891 attinet
353 1847 407 1891 me
431 1828 472 1890 ad
497 1837 541 1902 te,
566 1826 622 1909 qui
648 1847 686 1888 ea
710 1825 810 1900 nosti,
836 1826 991 1890 scribere.
1044 1826 1110 1889 Sed
1138 1828 1260 1890 accidit

207 1937 487 2019 perincommode,
501 1936 589 2017 quod
609 1955 684 1997 eum
703 1955 869 2015 nusquam
882 1934 1007 1998 vidisti.
1033 1934 1151 1998 Valuit
1170 1936 1259 1997 enim

206 2046 280 2129 plus
305 2046 393 2128 quod
421 2054 491 2107 erat
518 2043 568 2106 illi
597 2042 835 2106 nonnullorum
868 2042 1018 2106 artificiis
1051 2041 1258 2107 inculcatum

206 2177 304 2237 quam
322 2163 379 2216 aut
397 2153 543 2216 officium
561 2163 618 2215 aut
636 2152 852 2214 necessitudo
873 2162 929 2213 aut
955 2173 1048 2215 amor
1063 2162 1179 2215 vester
1206 2154 1259 2215 ille

174 2264 377 2344 3-pristinus
405 2262 462 2344 qui
492 2261 671 2342 plurimum
697 2259 806 2322 valere
832 2260 960 2324 debuit.
1011 2260 1128 2342 Atque
1158 2261 1258 2325 huius

207 2370 410 2434 incommodi
436 2369 534 2450 culpa
560 2368 616 2431 ubi
641 2368 796 2443 resideat,
822 2367 956 2431 facilius
982 2389 1120 2450 possum
1148 2370 1278 2432 eristi¹¹

207 2500 296 2541 mare
321 2499 420 2561 quam
446 2477 605 2553 scribere;
638 2496 757 2538 vereor
781 2477 871 2538 enim
897 2498 949 2552 ne,
972 2477 1052 2539 dum
1076 2477 1258 2540 defendam

207 2608 308 2661 meos,
327 2607 394 2649 non
419 2606 552 2667 parcam
577 2585 655 2648 tuis,
707 2585 794 2647 Nam
820 2585 867 2648 sic
892 2584 1063 2667 intelleg0,
1083 2594 1119 2648 ut
1138 2586 1260 2648 nihila

207 2694 400 2757 domesticis
418 2693 565 2755 vulneris
588 2693 716 2756 factum
742 2692 795 2767 sit,
816 2692 897 2754 illud
917 2691 1052 2775 quidem
1070 2695 1161 2776 quod
1187 2704 1258 2756 erat
1279 2746 1280 2781 ÷

208 2824 264 2867 eos
289 2812 380 2866 certe
405 2822 522 2864 sanare
547 2801 706 2882 potuisse.

206 2955 706 3004 -insedissezsc.inanimo.—-antea

207 3036 307 3085 saepe:
331 3021 351 3069 it
370 3021 391 3070 is
410 3019 513 3069 evident
532 3019 589 3069 that
609 3020 653 3068 the
671 3019 707 3067 ill-

206 3087 302 3150 feeling
310 3087 339 3135 of
346 3087 462 3148 Quintus
470 3085 610 3134 antedated
619 3086 706 3134 there

205 3154 311 3204 fusalof
323 3155 426 3201 Atticus
440 3161 467 3200 to
480 3167 554 3200 serve
564 3167 593 3200 as
602 3154 706 3214 legatus.

241 3236 262 3269 2.
281 3221 311 3269 in
323 3220 388 3268 istis
404 3219 487 3266 locis:
506 3220 543 3266 i.e.
558 3218 582 3265 in
604 3218 706 3330 Epirus,

207 3289 291 3337 where
303 3287 406 3335 Atticus
419 3302 478 3333 now
485 3301 544 3333 was.
564 3285 605 3333 Cf.
617 3285 706 3347 Ep..V

209 3368 238 3421 15
251 3353 396 3404 n.-nihil
422 3355 535 3402 attinet:
558 3352 591 3400 ci.
610 3353 707 3415 dequo

206 3424 272 3485 quid
284 3423 399 3478 sentium,
421 3421 492 3468 nihil
512 3422 602 3468 attinet
616 3420 704 3475 dicere,

206 3491 278 3538 Fam.
297 3503 319 3549 4.
339 3501 361 3549 7.
382 3487 704 3551 3.-perincommode.

206 3556 238 3604 ci.
252 3558 315 3605 Intr
327 3568 407 3614 77.-
374 3553 616 3602 -nonnullorum
636 3551 705 3601 arti-

206 3623 289 3671 ficiis·
311 3621 355 3669 the
374 3636 453 3683 anger
472 3619 501 3666 oi
519 3619 634 3679 Quintus
652 3616 705 3665 had

207 3688 336 3752 evidently
354 3686 419 3735 been
438 3685 562 3735 inflamed
580 3684 613 3749 by
631 3699 705 3733 some

206 3753 235 3805 oi
252 3755 297 3804 the
315 3753 429 3805 enemies
446 3752 475 3802 of
493 3751 602 3802 Atticus

759 2801 827 2864 Sed
852 2801 992 2863 huiusce
1017 2801 1065 2863 rei
1090 2802 1196 2864 totius
1215 2803 1260 2864 vi-

759 2953 1261 3081 ..lahttlthussthtttlh?

760 3085 857 3133 mental
865 3083 917 3132 and
928 3085 1059 3132 unknown
1067 3093 1163 3134 'causes
1173 3087 1204 3134 of
1216 3088 1260 3135 the

760 3152 857 3215 enmity
879 3150 908 3198 oi
938 3151 1059 3211 Quintus,
1081 3151 1173 3210 which,
1191 3153 1261 3201 how·

759 3233 827 3275 ever,
840 3217 873 3265 he
891 3217 955 3266 does
974 3225 1020 3265 not
1033 3216 1095 3266 dare
1113 3226 1182 3267 state
1201 3220 1228 3267 in
1246 3235 1278 3267 a

759 3284 883 3332 letter.-
850 3299 996 3333 -meos.
1010 3285 1129 3334 ..tuisz
1143 3286 1188 3334 the
1207 3288 1261 3351 plu·
1277 3282 1278 3355 l

759 3353 796 3399 ral
815 3351 878 3400 used
897 3352 1004 3414 politely
1020 3351 1062 3399 for
1081 3351 1126 3400 the
1144 3353 1278 3414 singular

760 3419 803 3479 (cf
827 3435 869 3482 ego
892 3426 982 3475 autem,
1008 3419 1056 3482 Ep.
1082 3419 1145 3466 VII.
1173 3419 1207 3484 1),
1231 3436 1278 3477 asy

759 3485 851 3534 Cicero
875 3501 923 3533 can
947 3484 979 3533 be
1003 3485 1125 3548 thinking
1150 3487 1212 3551 only
1232 3487 1261 3534 of

759 3552 874 3612 Quintus
902 3551 954 3599 and
985 3552 1132 3613 Pomponia
1162 3569 1260 3616 respec-

757 3617 843 3682 tively.
856 3646 890 3652 -
903 3625 935 3667 ut
958 3617 1037 3674 nihil,
1056 3622 1188 3682 granting
1207 3621 1261 3669 that

757 3700 796 3740 no,
818 3683 1099 3732 etc—domesticis:
1122 3687 1162 3733 ἐι.
1185 3687 1258 3734 Pom·

756 3750 842 3814 ponia.
