2575 4200
51 263 155 321 Fumo.
170 260 204 327 5.]
387 260 555 309 crcnno’s
580 260 755 310 nnrrnns.
1045 260 1094 310 223
1124 249 1127 253 '

49 429 116 511 qui,
134 429 162 492 si
177 428 255 492 istic
272 428 467 503 adfuissem,
486 448 597 510 neque
621 427 683 491 tibi
708 428 893 491 defuissem
918 450 1096 511 coramque

50 558 158 601 meum
175 536 324 600 dolorem
342 536 404 599 tibi
421 535 654 600 declarassem.
705 536 781 599 Etsi
806 556 914 619 genus
934 537 997 601 hoc
1019 558 1095 601 con-

51 645 221 708 solationis
239 644 398 707 miserum
416 654 518 727 atque
540 646 697 708 acerbum
723 654 786 720 est,
805 654 983 727 propterea
1006 646 1092 728 quia,

49 774 109 834 per
123 774 205 835 quos
228 773 268 816 ea
290 752 428 816 confieri
452 753 552 815 debet
578 752 784 835 propinquos
807 773 846 817 ac
870 753 1053 828 familiaris
1072 754 1094 815 ii

50 862 114 942 ipsi
129 861 199 943 pari
216 860 370 923 molestia
389 860 591 924 adficiuntur
614 881 723 943 neque
747 861 822 925 sine
845 861 990 925 lacrimis
1010 846 1095 925 inul-

50 969 95 1032 tis
112 969 143 1031 id
159 970 273 1033 conari
294 978 447 1051 possunt,
466 969 516 1031 uti
540 968 649 1051 magis
674 969 739 1051 ipsi
754 969 932 1033 videantur
955 969 1094 1033 aliorum

51 1078 277 1141 consolatione
303 1076 454 1159 indigere
478 1098 577 1159 quam
603 1076 678 1140 aliis
701 1097 802 1159 posse
827 1098 924 1141 suum
949 1077 1094 1141 officium
1166 1156 1171 1166 ἢ

51 1196 227 1266 praestare,
254 1194 377 1259 tamen,
396 1205 482 1267 quae
506 1184 541 1247 in
565 1185 758 1267 praesentia
781 1185 816 1247 in
840 1194 988 1249 mentem
1013 1186 1096 1247 mihi

51 1303 211 1357 venerunt
237 1292 371 1357 decrevi
395 1292 488 1356 brevi
511 1293 554 1357 ad
578 1303 613 1355 te
637 1293 855 1375 perscribere,
874 1313 942 1356 non
966 1314 1031 1376 quo
1056 1314 1097 1357 ea

52 1411 86 1463 te
110 1402 224 1484 lugere
253 1401 454 1475 existimem,
481 1401 540 1464 sed
565 1401 654 1483 quod
683 1401 826 1465 forsitan
853 1401 967 1465 dolore
995 1401 1095 1483 impe-

53 1509 140 1572 ditus
156 1510 268 1573 minus
284 1528 324 1573 ea
339 1509 533 1592 perspicias.
584 1509 676 1591 Quid
700 1518 752 1572 est
769 1511 859 1592 quod
881 1518 977 1572 tanto
993 1530 1095 1591 opere
1114 1536 1128 1570 2

54 1625 86 1679 te
110 1626 314 1681 commoveat
338 1626 418 1681 tuus
442 1617 536 1680 dolor
568 1617 776 1680 intestinus?
835 1616 956 1700 Cogita
984 1638 1095 1700 quem-

54 1726 224 1789 admodum
259 1726 368 1789 adhuc
400 1725 537 1788 fortuna
565 1725 740 1789 nobiscum
766 1725 897 1808 egerit:
930 1747 970 1789 ea
997 1726 1095 1790 nobis

55 1844 163 1915 erepta
194 1855 270 1899 esse
302 1854 387 1917 quae
416 1834 607 1897 hominibus
636 1854 706 1897 non
734 1834 845 1897 minus
872 1855 970 1917 quam
999 1834 1094 1898 liberi

55 1966 125 2009 cara
158 1968 232 2010 esse
272 1947 408 2021 debent,
450 1946 592 2027 patriam
636 1946 850 2009 honestatem
894 1946 1093 2028 dignitatem

57 2053 190 2119 honores
215 2054 337 2119 omnis,
388 2054 465 2118 Hoc
490 2074 557 2117 uno
583 2054 795 2118 incommodo
819 2054 932 2118 addito
949 2055 1029 2137 quid
1052 2056 1094 2119 ad

57 2163 194 2227 dolorem
219 2163 357 2246 adiungi
381 2163 515 2245 potuit?
556 2162 630 2226 Aut
659 2163 808 2245 quinon
838 2164 872 2226 in
900 2163 965 2226 illis
994 2165 1094 2227 rebus

58 2273 249 2336 exercitatus
266 2272 398 2335 animus
416 2271 536 2335 callere
553 2271 618 2333 iam
632 2272 733 2334 debet
749 2281 850 2353 atque
866 2273 979 2334 omnia
991 2273 1094 2336 mino-

59 2379 97 2442 ris
119 2381 330 2444 existimare?
379 2380 437 2442 An
463 2378 551 2442 illius
575 2379 693 2454 vicem,
712 2381 821 2453 credo,
839 2380 955 2442 doles?
1005 2381 1128 2462 Quo-3

59 2553 100 2616 Ep.
121 2556 149 2604 L.
171 2570 180 2603 1
202 2555 349 2604 n.—istic
369 2553 544 2604 adfuissem:

59 2621 191 2680 pleonastic
208 2623 250 2670 for
266 2624 414 2686 adfuissem.
423 2621 528 2670 -istic
540 2638 546 2666 :

58 2689 90 2732 i.e.
97 2689 119 2735 in
129 2690 201 2754 Italy.
227 2690 333 2738 Servius
339 2704 392 2737 was
400 2688 426 2736 in
435 2689 545 2735 Athens.

60 2757 227 2805 -miserum
240 2764 326 2819 atque
339 2755 490 2804 acerbum:
502 2769 546 2803 see

57 2824 161 2876 gratuler
172 2825 325 2884 molesteque,
339 2821 547 2870 above-con-

62 2952 84 2998 ol
107 2955 181 3003 view:
203 2955 274 3018 (1)st
298 2956 320 3004 is
345 2954 409 3003 used
433 2953 476 3002 for
500 2953 547 3003 the

62 3018 141 3083 simple
150 3021 212 3070 verb
216 3022 289 3084 fieri.
326 3023 434 3078 Lorenz,
445 3019 545 3068 Introd.

61 3091 83 3130 to
94 3089 179 3136 Pseud.
193 3104 218 3135 n.
234 3088 273 3151 36,
286 3104 361 3152 says:
381 3088 425 3134 ‘ln
442 3087 545 3150 general

62 3154 211 3216 compounds
230 3154 290 3202 with
310 3171 355 3203 con
374 3169 417 3202 are
435 3154 546 3216 popular

63 3216 209 3283 throughout
223 3220 267 3269 the
282 3220 327 3268 old
345 3221 428 3268 comic
445 3228 545 3283 poetry,

62 3284 104 3332 and
124 3296 193 3336 must
219 3288 287 3335 have
316 3287 382 3336 been
405 3287 545 3350 extremely

64 3363 168 3402 common
181 3355 206 3401 in
220 3353 265 3401 the
279 3355 380 3401 Roman
393 3354 482 3415 vulgar
494 3353 546 3400 lan-

63 3429 132 3480 guage
150 3421 178 3468 of
199 3421 258 3468 that
276 3420 334 3484 day.
370 3421 392 3467 T
395 3421 427 3467 he
445 3420 499 3467 loss
518 3418 546 3466 ot

63 3481 121 3534 force
130 3487 211 3535 which
223 3486 268 3534 the
279 3487 440 3549 preposition
452 3485 546 3534 suffers

65 3547 84 3594 in
94 3552 180 3602 almost
192 3568 271 3617 every
283 3568 343 3601 case
355 3553 430 3601 bears
443 3554 546 3600 witness

66 3619 86 3660 to
100 3617 143 3668 this
154 3619 209 3668 fact
218 3619 237 3676 ’;
251 3619 287 3682 (2)
298 3621 379 3684 facio,
392 3619 466 3666 when
479 3634 547 3666 com-

66 3685 169 3738 pounded
188 3685 251 3734 with
272 3701 288 3733 a
310 3686 480 3748 preposition,
499 3685 546 3732 has

67 3746 105 3806 fici
120 3751 158 3800 for
177 3752 212 3800 its
235 3752 337 3816 passive
357 3752 433 3802 form.
476 3751 545 3800 Such

597 2553 681 2602 forms
702 2569 732 2602 as
750 2555 854 2616 confieri
873 2554 926 2602 and
946 2555 1034 2616 defieri
1052 2554 1095 2603 for

597 2621 687 2682 confici
697 2620 749 2668 and
761 2622 834 2683 defici
842 2636 887 2669 are
898 2621 982 2669 found
992 2621 1056 2686 only
1067 2622 1094 2669 in

597 2687 738 2750 colloquial
750 2686 802 2734 and
814 2687 916 2736 archaic
925 2688 1007 2735 Latin.
1043 2688 1094 2744 Cf,

597 2769 650 2816 ag,
664 2753 747 2801 Plaut.
761 2755 786 2800 T
782 2756 834 2801 rin.
843 2755 902 2813 408;
919 2755 958 2801 M.
974 2755 1003 2802 G.
1016 2754 1076 2803 1261
1088 2771 1094 2815 ;

598 2819 651 2868 and
667 2819 830 2876 Thielmann,
843 2822 885 2867 Dc
901 2824 1025 2868 sermonis
1036 2829 1096 2883 pro

60 2884 126 2934 lieri:
145 2889 285 2952 colloquial
302 2889 371 2936 from
388 2887 546 2950 two-points
591 2887 745 2948 prz'eaztibus
775 2889 804 2933 in
831 2889 929 2948 primis
966 2889 1094 2936 Ciceronis

596 2955 679 3008 libris,
691 2965 729 3016 52.
736 2981 769 2988 -
777 2954 956 3016 propinquos
966 2968 1000 3002 ac
1009 2955 1095 3002 farni-

597 3020 696 3068 liaris:
726 3018 759 3067 cf.
790 3023 910 3081 graviter
939 3022 1093 3084 molesteque,

596 3086 689 3134 above.
736 3086 793 3134 The
816 3086 903 3135 words
926 3086 1025 3150 quoted
1051 3102 1094 3135 are

596 3152 698 3201 thrown
719 3152 744 3200 in
770 3153 876 3217 loosely,
894 3169 924 3200 as
940 3168 973 3200 an
993 3155 1095 3216 apposi-

596 3219 650 3267 tive
668 3227 697 3267 to
714 3220 1023 3282 quos-perspicias:
1049 3221 1093 3268 the

597 3285 677 3333 mood
694 3286 716 3333 is
734 3286 895 3334 determined
915 3285 949 3350 by
962 3286 1093 3335 forsitan.

631 3367 655 3400 2.
673 3353 739 3415 qui:
758 3353 790 3400 cf.
810 3354 872 3400 Intr.
885 3351 1093 3401 81.-minoris

597 3418 774 3468 existimare:
798 3422 946 3467 existimare
957 3419 1009 3474 (for
1023 3423 1094 3466 aesti-

597 3487 679 3548 mare)
697 3485 757 3533 with
779 3486 823 3533 the
843 3485 955 3548 genitive
974 3486 996 3533 is
1017 3487 1095 3533 collo-

597 3553 676 3615 quial.
715 3552 756 3599 Cf.
775 3552 858 3600 Plaut.
877 3554 946 3612 Capi.
964 3551 1011 3599 682
1031 3554 1092 3599 dum

598 3634 630 3666 ne
641 3619 669 3665 ob
681 3619 815 3682 malefacta
823 3625 936 3679 peream,
945 3621 1028 3680 parvi
1042 3620 1095 3666 cxi-

597 3693 681 3733 stumo
688 3701 699 3741 ;
722 3685 793 3731 Suet.
812 3687 879 3746 Aug.
895 3698 929 3743 40
943 3688 1034 3746 magni
1043 3687 1095 3733 exi-

598 3753 714 3799 stimans.
750 3750 791 3800 Cf.
804 3751 860 3798 also
879 3751 941 3799 Intr.
954 3751 993 3812 78.
