2575 4200
195 247 241 298 114
529 248 696 299 crcnno‘s
722 248 896 298 narrans.
1060 247 1121 311 [ap.
1137 249 1240 296 xxxi.
1273 259 1276 325 y

193 417 250 480 isti
266 418 409 499 operarii
426 419 535 481 minus
553 419 727 481 commode
745 418 900 500 persequi
917 419 1057 498 possint,
1075 426 1109 478 et
1127 437 1241 498 quem·

193 527 370 588 admodum
388 536 500 589 actum
511 527 561 592 ,sit
580 536 613 589 et
631 546 717 608 quae
735 525 937 589 existimatio
955 534 1070 588 secuta
1086 545 1240 607 quaeque
1275 566 1276 645 y

193 634 234 696 de
254 654 294 696 eo
317 654 394 714 spes
420 634 463 696 sit
484 634 664 715 diligenter
688 634 750 697 tibi
774 633 1027 715 perscribemus.
1076 633 1123 694 Vt
1152 653 1240 695 nunc
1275 650 1276 719 ξ

193 751 254 816 est,
284 742 374 804 nulla
406 763 608 824 magnopere
641 742 848 824 exspectatio
878 751 939 805 est.
1006 741 1091 804 Nam
1124 750 1163 803 et
1198 741 1240 802 illi

193 871 341 912 rumores
359 851 400 912 de
423 849 576 913 comitiis·
594 851 907 932 Transpadanorum
934 849 1113 913 Cumarum
1141 860 1240 911 tenus
1276 878 1277 901 s

193 958 386 1034 caluerunt;
412 959 553 1021 Romam
571 979 648 1021 cum
664 959 842 1034 venissem,
861 978 904 1021 ne
921 958 1156 1020 tenuissimam
1174 958 1240 1039 qui·
1276 942 1277 991 l

192 1067 267 1128 dem
285 1066 491 1128 auditionem
509 1067 551 1128 de
572 1086 611 1128 ea
635 1087 671 1128 re
695 1067 824 1147 accepi;
849 1050 1022 1147 praeterea
1047 1065 1238 1137 Marcellus,

193 1175 281 1255 quod
299 1175 407 1254 adhuc
432 1174 515 1236 nihil
541 1175 672 1236 rettulit
689 1175 731 1236 de
757 1174 970 1237 successione
994 1173 1238 1254 provinciarum
1277 1178 1278 1201 ¹

195 1282 376 1344 Galliarum
395 1283 479 1345 etin
498 1283 541 1345 K.
562 1282 646 1357 Iun,
665 1293 702 1345 ut
720 1282 801 1344 mihi
818 1282 888 1363 ipse
905 1282 998 1355 dixit,
1017 1301 1090 1343 eam
1107 1280 1240 1343 distulit

194 1390 401 1464 relationem,
421 1411 501 1452 sane
526 1411 624 1472 quam
651 1409 708 1453 eos
733 1410 905 1453 sermones
929 1389 1092 1470 expressit
1115 1389 1176 1470 qui
1200 1389 1239 1450 de

161 1518 233 1576 3eo
251 1508 322 1561 tum
340 1499 484 1572 fuerant,
504 1519 579 1561 cum
599 1499 728 1561 Romae
745 1519 807 1561 nos
824 1518 984 1561 essemus.
1029 1497 1081 1559 Tu
1099 1497 1128 1558 si
1147 1497 1239 1558 Pom·
1278 1574 1279 1577 Ἴ

193 1606 314 1687 peium,
334 1616 370 1668 ut
387 1606 532 1680 volebas
551 1606 734 1681 offendisti,
753 1606 809 1688 qui
825 1605 888 1668 tihi
904 1606 994 1668 visus
1019 1605 1062 1667 sit
1087 1615 1120 1667 et
1139 1625 1238 1686 quam

134 1706 139 1714 ’
194 1714 378 1776 orationem
397 1715 549 1777 habuerit
566 1724 679 1776 tecum
696 1733 862 1796 quamque
887 1712 1071 1776 ostenderit
1089 1713 1239 1775 volunta·
1279 1788 1280 1793 ἵ

193 1822 413 1884 tem—solet
431 1823 521 1884 enim
539 1821 627 1884 aliud
654 1822 780 1885 sentire
800 1831 832 1884 et
857 1821 957 1904 loqui,
976 1840 1085 1902 neque
1105 1829 1238 1882 tantum

194 1930 302 1992 valere
335 1930 480 2012 ingenio
507 1941 543 1992 ut
574 1939 827 2011 non'appareat
858 1929 937 2011 quid
969 1928 1080 2009 cupiat
1094 1967 1160 2003 —,
1186 1928 1239 1990 fac

228 2102 249 2135 2.
263 2086 449 2137 existimatio:
462 2088 487 2135 in
499 2087 550 2136 this
560 2103 610 2136 one
619 2103 691 2151 para-

194 2154 274 2217 g'raph
284 2155 356 2202 there
366 2170 408 2202 are
419 2155 469 2202 five
478 2155 655 2202 substantives
664 2156 690 2202 in

193 2225 232 2269 -ιό,
269 2221 309 2269 Cf.
324 2222 386 2268 lntr.
400 2236 413 2281 7
419 2229 521 2285 5.-ut
539 2234 615 2269 nunc
634 2229 690 2269 est:

193 2304 209 2335 a
221 2288 359 2350 colloquial
372 2288 531 2350 expression.
567 2288 607 2335 Cf.
617 2289 690 2334 Fam.

193 2355 215 2403 8.
235 2370 257 2413 4.
278 2368 290 2401 2
311 2354 362 2401 and
386 2355 450 2401 Hor.
469 2356 522 2401 Sat.
547 2368 565 2401 r.
586 2368 608 2415 9.
628 2366 691 2417 5.—

194 2421 272 2470 nulla
296 2434 472 2483 magnopere
502 2420 688 2483 exspectatio,

193 2489 263 2535 there
278 2489 300 2533 is
318 2488 427 2548 nothing
442 2489 471 2533 in
484 2488 633 2547 particular
650 2503 691 2533 ex-

188 2554 281 2614 pected.
328 2555 482 2615 Magnopere
499 2553 559 2601 with
581 2568 613 2600 an
638 2553 689 2616 adj.

196 2620 267 2681 (here
290 2620 379 2681 nulla)
406 2620 428 2667 is
452 2635 507 2666 rare
526 2620 553 2667 in
573 2619 691 2667 classical

195 2701 280 2747 usage.
312 2686 354 2733 Cf.
374 2694 523 2747 magnopere
542 2702 619 2739 nemo,
641 2680 689 2748 Ep.

195 2753 242 2799 Xl.
265 2753 376 2811 4.—de
398 2753 523 2801 comitiis
542 2753 691 2815 Transpa-

194 2819 344 2867 danorum:
357 2819 378 2866 it
391 2834 442 2866 was
454 2818 511 2865 said
523 2818 579 2866 that
593 2819 691 2866 Caesar

194 2884 245 2931 had
258 2884 367 2932 ordered
387 2885 431 2933 the
449 2886 471 2931 T
474 2884 650 2947 ranspadanes
662 2893 690 2933 to

194 2952 260 2998 elect
283 2954 458 3014 quattuorviri
479 2952 541 3014 (Ast.
565 2964 585 3015 5.
608 2965 629 2998 2.
652 2952 687 3015 3).

196 3018 232 3080 lly
244 3017 307 3065 such
321 3019 406 3065 action
422 3018 489 3065 their
506 3027 590 3066 towns
603 3017 689 3065 would

194 3084 301 3131 become
325 3086 473 3145 municipia.
521 3084 578 3132 The
602 3099 691 3131 rumor

194 3150 351 3212 anticipated
376 3151 496 3198 Caesar’s
513 3151 599 3198 action
624 3150 658 3214 by
675 3165 691 3197 a

194 3232 254 3279 year
266 3215 317 3263 and
335 3232 350 3263 a
368 3217 430 3264 hali.
464 3217 504 3264 Cf.
519 3219 602 3279 Marq.
616 3219 689 3264 Ram.

193 3286 446 3345 Staatsverwaltung,
458 3283 476 3329 l.
487 3283 527 3341 62,
534 3298 558 3329 n.
564 3297 586 3347 3.
593 3312 625 3319 -
633 3284 691 3331 Cu-

194 3364 306 3398 marum
319 3357 416 3398 tenus:
432 3350 536 3397 Caelius
548 3349 632 3397 found
645 3349 690 3397 the

194 3430 281 3463 rumor
304 3430 425 3463 common
452 3416 514 3463 until
538 3415 572 3464 he
595 3415 690 3478 passed

194 3482 293 3530 Cumae
303 3497 336 3529 on
347 3482 387 3529 his
397 3490 491 3538 return,
501 3482 547 3530 but
557 3497 590 3529 on
601 3483 687 3530 reach-

193 3546 237 3610 ing
257 3550 340 3612 Rome
358 3549 403 3597 the
428 3557 513 3611 report
532 3564 583 3596 was
606 3548 687 3597 heard

193 3615 321 3662 nowhere.
336 3643 369 3651 -
387 3615 554 3663 caluerunt:
584 3629 617 3661 on
645 3616 690 3663 the

194 3681 337 3742 metaphor‚
351 3681 382 3728 cf.
403 3682 464 3727 lntr.
478 3696 517 3743 99.
526 3710 559 3716 —
569 3682 604 3729 de
624 3695 689 3730 suc-

195 3747 325 3795 cessione
337 3780 344 3794 .
356 3780 363 3794 .
375 3782 381 3794 .
393 3747 561 3797 Galliarum:
575 3748 611 3794 M.
623 3749 690 3795 Mar-

742 2087 830 2144 cellus,
855 2086 900 2137 the
926 2086 1025 2144 consul,
1049 2084 1181 2150 proposed
1212 2094 1239 2133 to
1280 2117 1281 2152 3

741 2154 816 2217 bring
835 2154 861 2202 in
883 2169 898 2202 a
917 2153 963 2201 bill
981 2154 1134 2216 appointing
1152 2168 1168 2200 a
1184 2168 1240 2201 suc-

741 2236 830 2269 cessor
847 2229 874 2268 to
893 2221 997 2268 Caesar.
1008 2247 1041 2255 -
1050 2234 1120 2267 sane
1130 2233 1239 2282 quam:
1257 2242 1260 2248 ·

742 2288 794 2335 this
812 2287 961 2350 expression
983 2301 1074 2334 occurs
1092 2286 1143 2333 five
1162 2286 1239 2333 times

741 2354 767 2401 in
778 2354 822 2401 the
835 2368 861 2413 17
873 2354 961 2401 letters
969 2352 998 2400 of
1010 2352 1122 2408 Caelius,
1131 2351 1184 2399 and
1193 2352 1239 2400 but

741 2420 801 2468 four
813 2420 889 2468 times
902 2420 927 2466 in
940 2419 984 2467 the
998 2418 1074 2467 other
1087 2418 1136 2482 853
1149 2419 1240 2466 letters

741 2486 771 2534 of
784 2484 1138 2548 Cicero’scorrespondence.
1169 2485 1238 2539 Briar,

741 2553 767 2600 in
780 2554 820 2601 his
832 2561 894 2601 note
907 2567 976 2615 upon
986 2553 1066 2599 nimis
1077 2568 1154 2615 quam
1165 2553 1240 2613 cupio

743 2619 838 2682 (Plaut.
861 2621 932 2680 Capt.
959 2618 1024 2681 102),
1044 2633 1119 2682 says:
1144 2620 1240 2665 ‘nimis

741 2703 818 2748 quam
831 2687 911 2747 cupio,
925 2685 969 2732 the
980 2684 1068 2733 fusion
1087 2684 1116 2731 of
1133 2692 1185 2732 two
1200 2700 1239 2731 ex-

742 2752 881 2814 pressions,
899 2753 979 2799 nimis
995 2752 1069 2812 cupio
1088 2749 1141 2798 and
1158 2767 1237 2813 quam

741 2818 829 2881 cupio!
843 2818 873 2866 In
886 2834 902 2866 a
913 2817 1010 2866 similar
1019 2832 1075 2882 way
1083 2834 1144 2864 sane
1150 2833 1239 2879 quam,

741 2887 815 2933 valde
827 2901 902 2949 quam
916 2883 968 2932 and
974 2892 1101 2946 perquam
1112 2899 1156 2931 are
1165 2892 1195 2930 to
1208 2883 1239 2930 be

742 2950 931 3014 explained-
944 2964 995 2998 eos
1015 2963 1166 2998 sermones
1189 2964 1239 2997 ex-

742 3019 857 3080 pressit,
868 3018 899 3065 he
907 3019 954 3065 has
964 3018 1068 3064 revived
1073 3017 1220 3078 thatgossip
1230 3032 1238 3068 ,·

742 3084 871 3132 reference
889 3083 916 3134 is.
929 3084 1005 3131 made
1023 3091 1051 3130 to
1070 3083 1114 3130 the
1127 3082 1239 3145 dilatory

741 3166 833 3198 course
851 3150 880 3198 of
898 3151 1043 3197 Marcellus.
1080 3149 1105 3196 lf
1121 3164 1159 3196 we
1177 3148 1239 3196 read

741 3233 780 3264 eas
796 3233 922 3264 sermones
934 3218 1066 3277 repressit,
1081 3216 1112 3262 lte
1127 3216 1175 3262 lias
1190 3222 1241 3276 put

741 3299 776 3330 an
788 3285 840 3331 end
849 3290 873 3330 to
889 3284 930 3330 tlte
943 3285 1037 3338 storiss,
1051 3297 1079 3329 as
1095 3297 1168 3329 some
1186 3296 1238 3344 pre·

741 3349 787 3406 fer,
796 3350 840 3397 the
850 3349 979 3397 reference
991 3349 1013 3396 is
1023 3357 1051 3396 to
1062 3347 1106 3395 the
1116 3348 1238 3410 proposal

741 3424 769 3463 to
782 3416 895 3478 displace
909 3415 1020 3473 Caesar;
1034 3414 1083 3462 but
1101 3414 1134 3462 cf.
1151 3415 1240 3461 nuntii

740 3485 826 3529 varios
846 3476 971 3529 sermonis
990 3482 1143 3536 excitarunt,
1164 3482 1237 3528 Fam.

741 3549 764 3595 8.
781 3563 817 3595 ro.
832 3562 853 3595 2.

776 3629 797 3677 3.
829 3614 1018 3677 Pompeium:
1057 3614 1151 3661 Cicero
1186 3619 1238 3660 met

743 3682 859 3746 Pompey
870 3697 933 3729 near
944 3682 1094 3728 Tarentum
1133 3678 1175 3727 Cf.
1185 3681 1236 3726 Aet.

743 3760 802 3811 si·
