2575 4200
1042 244 1101 313 [ap.
1114 245 1194 295 cxxv.
1273 211 1275 241 ³

183 244 234 297 226
520 246 689 297 ClCERO’S
714 246 887 297 LETTERS.

182 434 266 496 quae
298 414 420 497 oppida
451 416 593 498 quodam
628 426 778 497 tempore
811 414 1049 478 florentissima
1079 416 1195 487 fuerunt,
1248 409 1275 441 *²

182 541 272 585 nunc
300 531 467 605 prostrata
496 532 529 585 et
558 522 669 587 diruta
697 533 777 586 ante
805 523 920 586 oculos
949 523 1070 586 iacent.
1122 522 1198 603 Coepi
1256 541 1260 547 ·

182 639 316 712 egomet
343 650 473 695 mecum
503 630 550 695 sic
579 630 753 713 cogitare:
787 631 911 693 ‘Heml
945 650 1007 693 nos
1036 630 1198 693 homunculi
1273 624 1275 629 ’

182 738 403 821 indignamur,
429 739 458 802 si
486 739 560 822 quis
586 748 738 803 nostrum
768 739 893 802 interiit
921 748 980 801 aut
1007 739 1134 803 occisus
1157 747 1197 811 est,
1254 732 1275 766 ·³

181 868 321 929 quorum
338 848 405 911 vita
422 846 554 911 brevior
570 867 645 911 esse
662 848 773 922 debet,
792 867 868 910 cum
891 867 958 910 uno
982 846 1056 910 loco
1074 856 1123 909 tot
1139 846 1200 927 oppi
1272 872 1275 932 j

181 956 259 1020 dum
286 946 447 1019 c'adavera
475 955 624 1039 proiecta
650 956 786 1019 iacent?
844 956 950 1019 Visne
980 965 1018 1018 tu
1046 964 1093 1030 te,
1122 954 1200 1026 Servi,
1256 946 1275 984 '³

181 1064 337 1127 cohibere
369 1073 404 1127 et
443 1064 636 1127 meminisse
675 1064 845 1127 hominem
886 1073 920 1126 te
956 1083 1033 1126 esse
1066 1060 1200 1127 natumi'
1272 1077 1274 1084 ’

182 1172 290 1236 Crede
314 1172 405 1247 mihi,
433 1172 636 1255 cogitatione
661 1192 701 1235 ea
724 1192 790 1235 non
817 1172 1029 1235 mediocriter
1055 1192 1129 1235 sum
1151 1190 1203 1234 con·
1272 1166 1275 1201 ἶ

180 1281 341 1345 firmatus.
393 1280 479 1355 Hoc,
507 1281 595 1343 idem
621 1280 649 1344 si
677 1281 738 1344 tibi
762 1280 905 1356 videtur,
930 1280 985 1343 iac
1009 1289 1091 1343 ante
1116 1278 1204 1343 oculos
1273 1285 1275 1288 ’

180 1390 242 1452 tibi
265 1408 441 1471 proponas.
492 1389 595 1452 Modo
621 1408 688 1452 uno
717 1398 869 1470 tempore
893 1398 944 1451 tot
969 1389 1031 1451 viri
1055 1386 1204 1451 clarissimi
1272 1415 1275 1421 <

180 1497 388 1571 interierunt,
407 1497 448 1559 de
470 1497 608 1579 imperio
633 1518 664 1578 p.
685 1497 726 1560 R.
746 1506 840 1559 tanta
856 1496 1042 1559 deminutio
1058 1496 1147 1559 iacta
1160 1504 1203 1568 est,

180 1625 296 1668 omnes
316 1604 506 1687 provinciae
526 1614 770 1687 conquassatae
792 1613 893 1681 sunt;
916 1604 951 1666 in
973 1604 1075 1667 'unius
1100 1602 1205 1666 mulier·
1273 1601 1275 1636 ³

180 1712 275 1777 culae
291 1713 436 1776 animula
453 1712 482 1775 si
499 1712 626 1776 iactura
645 1712 736 1776 iacta
758 1721 820 1787 est,
839 1721 935 1775 tanto
960 1732 1062 1794 opere
1086 1730 1207 1775 commo

179 1821 290 1884 veris?
340 1820 436 1903 Quae
454 1820 482 1883 si
503 1820 566 1883 hoc
591 1830 743 1902 tempore
766 1840 835 1883 non
852 1820 942 1882 diem
966 1840 1065 1883 suurn
1089 1820 1207 1891 obisset,

180 1930 292 2011 paucis
318 1938 393 2010 post
418 1928 515 1991 annis
540 1938 654 1992 tamen
679 1929 711 1991 ei
734 1929 943 1991 moriendum
967 1928 1044 2003 fuit,
1071 1927 1209 2010 quonian
1273 1922 1275 1959 l

149 2038 280 2108 shomo
300 2046 379 2100 nata
402 2037 522 2100 luerat.
573 2037 686 2102 Etiam
711 2046 748 2100 tu
772 2037 815 2100 ab
839 2036 931 2100 hisce
955 2036 1056 2099 rebus
1082 2036 1210 2099 animum
1272 2031 1275 2068 ³

176 2215 249 2276 glum
262 2214 309 2260 vix
321 2213 438 2260 relictum
456 2218 497 2259 est.
507 2213 676 2275 —quodam

180 2287 323 2342 tempore:
341 2278 383 2325 for
400 2280 526 2340 quondam
536 2294 547 2336 ;
566 2279 598 2326 cf.
613 2280 675 2326 Intr.

183 2352 430 2408 ron-prostrata
454 2353 482 2393 et
505 2345 615 2394 diruta:
642 2345 675 2393 cf.

175 2413 292 2475 graviter
312 2412 465 2474 molesteque,
489 2425 676 2460 1.—mecum

181 2513 188 2526 .
199 2513 206 2526 .
217 2514 223 2525 .
234 2478 374 2540 cogitare:
388 2479 547 2540 apleonasm
554 2493 676 2526 common

180 2546 205 2592 in
214 2545 258 2592 the
266 2543 339 2591 older
347 2551 434 2606 poets;
449 2544 547 2608 ef.‚e.g.,
555 2546 614 2594 Ter.
625 2546 676 2593 Ad.

182 2626 220 2674 30,
235 2623 282 2674 500
293 2629 298 2668 ;
311 2611 383 2658 Eun.
397 2610 459 2673 6293
472 2612 565 2659 Heaut.
579 2611 609 2674 38
615 2625 678 2677 5.—

180 2680 263 2725 hem:
281 2677 314 2724 cf.
328 2677 392 2724 Intr.
405 2678 676 2739 92.-homunculi:

181 2743 676 2806 thediminutiveexpressescontempt.

180 2824 275 2858 —nos
296 2810 490 2858 homunculi.
510 2845 517 2858 .
537 2845 543 2858 .
562 2811 676 2859 iacent:

182 2876 280 2924 Bockel
298 2883 392 2939 quotes
409 2875 478 2924 from
498 2877 610 2926 Rutilius
625 2878 678 2925 Na·

181 2944 318 3000 mutianus,
334 2957 354 2990 r.
367 2956 433 3006 413:

181 3044 242 3090 Nou
257 3043 424 3105 indignemur
434 3043 555 3091 mortalia
573 3052 678 3106 corpora

247 3110 329 3156 solvi:

184 3177 321 3225 Cernimus
348 3176 469 3236 exemplis
492 3177 582 3238 oppida
606 3184 679 3238 posse

248 3258 322 3290 more.

181 3341 380 3405 -oppidumz
416 3339 461 3388 the
485 3342 587 3390 shorter
610 3342 678 3391 form

182 3408 211 3455 oi
223 3409 266 3456 the
274 3407 388 3469 genitive
396 3407 480 3469 plural
489 3409 517 3456 ol
527 3409 571 3457 the
580 3408 678 3457 second

183 3475 331 3523 declension
343 3475 364 3523 is
375 3475 512 3539 especially
521 3491 642 3523 common
652 3477 677 3522 in

182 3542 252 3605 early
262 3541 478 3590 Latin—visne
490 3550 519 3590 te
532 3543 678 3591 cohibere:

181 3608 352 3670 imperative3
379 3623 423 3657 see
451 3607 513 3656 Intr.
534 3607 567 3668 84
587 3610 607 3665 b,
626 3608 679 3656 and

183 3673 215 3720 cf.
230 3675 332 3720 Petron.
348 3675 446 3721 urvis
463 3681 491 3720 tu
509 3676 679 3723 reviviscere?

183 3741 223 3785 vis
234 3740 345 3785 discusso
359 3740 478 3786 muliebri
493 3756 586 3798 errore,
598 3756 678 3804 quam

729 2212 776 2259 diu
793 2213 903 2270 licuerit,
915 2213 982 2259 lueth
998 2211 1134 2259 commodis
1145 2207 1213 2275 frui?
1272 2248 1275 2252 Α

729 2279 797 2326 —si
821 2278 873 2327 tibi
896 2278 1023 2327 videtur:
1049 2292 1067 2325 a
1088 2275 1213 2340 colloquial
1273 2278 1274 2283 ’

729 2344 888 2408 expression,
904 2345 979 2393 while
990 2346 1015 2391 si
1024 2345 1128 2393 m'detur
1141 2344 1162 2391 is
1176 2342 1214 2388 the
1272 2354 1275 2393 ἑ

730 2427 802 2460 more
821 2412 915 2459 formal
934 2410 985 2459 and
1003 2411 1108 2473 elegant
1124 2410 1212 2473 phrase
1273 2462 1275 2473 ‚

731 2478 788 2526 The
800 2479 898 2527 former
914 2479 937 2526 is
955 2477 1087 2527 therefore
1102 2478 1146 2525 the
1156 2489 1213 2524 com·
1273 2494 1275 2500 ⁸

729 2560 792 2592 mon
815 2545 967 2607 expression
994 2544 1021 2592 in
1047 2544 1095 2592 the
1115 2545 1212 2592 Letters
1272 2570 1275 2609 1

730 2612 822 2659 Cicero
851 2611 956 2660 himseli
985 2626 1046 2659 uses
1075 2612 1100 2657 si
1125 2610 1214 2658 vidtur
1273 2662 1274 2665 Ἴ

728 2678 755 2725 in
782 2677 827 2726 the
854 2679 956 2726 Letters
981 2677 1030 2725 but
1053 2691 1127 2732 once,
1149 2674 1213 2723 while
1273 2680 1275 2713 L

729 2747 753 2792 si
775 2745 823 2791 tibi
847 2745 950 2792 videtur
977 2758 1069 2792 occurs
1098 2742 1127 2791 18
1150 2742 1213 2790 timoe
1273 2788 1275 2796 .

730 2826 760 2858 or
777 2826 857 2859 more.
893 2810 935 2858 Cr.
948 2811 1002 2857 Aet.
1020 2809 1044 2858 8.
1062 2809 1087 2858 6.
1104 2823 1126 2866 2,
1138 2816 1215 2856 etc.-

730 2884 798 2925 ante
817 2877 916 2927 oculos
940 2877 1009 2925 tibi:
1034 2876 1068 2924 ci.
1086 2877 1152 2924 mihi
1166 2878 1215 2921 oute
1273 2922 1275 2926 ,

730 2946 819 2997 oculos,
839 2945 886 3006 Ep.
906 2943 986 2991 XIII.
1005 2956 1020 3006 3
1038 2949 1155 2990 n.—tot
1169 2938 1214 2987 viri

731 3009 902 3058 clarissimi:
922 3010 956 3057 cf.
975 3010 1024 3070 Ep.
1044 3009 1132 3057 LXII.
1151 3022 1163 3055 2
1179 3020 1214 3052 nu.

730 3105 764 3112 —
778 3076 954 3125 deminutio:
978 3075 1023 3124 the
1046 3075 1160 3138 struggle
1179 3072 1214 3119 be
1273 3123 1275 3132 ,

731 3151 814 3191 tween
838 3144 935 3192 Caesar
958 3141 1011 3191 and
1037 3143 1151 3206 Pompey
1171 3135 1214 3186 had
1273 3138 1275 3197 Ῐ

730 3209 850 3258 lessened
873 3209 917 3258 the
942 3209 1054 3274 majesty
1076 3209 1106 3256 of
1134 3209 1213 3260 Rome,

731 3276 783 3323 and
800 3275 942 3324 weakened
964 3276 1008 3324 the
1025 3291 1102 3324 sense
1120 3274 1149 3322 of
1167 3273 1215 3321 alle
1273 3306 1274 3327 ἶ

730 3343 821 3404 giance
833 3358 867 3390 on
884 3342 928 3390 the
946 3350 1004 3404 part
1021 3342 1051 3390 of
1067 3341 1172 3407 peoples
1182 3338 1214 3385 de

730 3409 844 3471 pendent
865 3425 900 3456 on
921 3409 1018 3456 her.—
1029 3407 1212 3460 mulierculae,
1273 3455 1275 3464 ,

730 3476 858 3525 animula
869 3494 875 3524 :
894 3476 938 3524 the
947 3475 1115 3524 diminutives
1126 3483 1214 3533 convey
1273 3477 1275 3485 '

729 3557 763 3590 an
771 3542 830 3591 idea
838 3543 867 3590 of
878 3543 933 3606 pity
940 3542 992 3590 and
1001 3541 1214 3606 depreciation-
1272 3548 1275 3599 j

730 3609 923 3668 mulierculae,
936 3626 952 3657 a
964 3609 1068 3656 delicate
1079 3623 1214 3656 womanr
1273 3613 1275 3617 '

730 3677 786 3724 hoc
798 3684 944 3738 tempore:
963 3675 1006 3722 for
1018 3692 1089 3723 nunc
1095 3691 1107 3732 ;
1124 3673 1157 3722 cf.
1167 3685 1214 3734 qiu

731 3744 791 3789 dam
803 3750 919 3803 tempore,
931 3740 1024 3790 above.
