2575 4200
15 274 57 331 Q.
63 274 108 335 sr.
123 288 146 335 3.
162 285 181 336 5,
195 271 231 336 6.]
374 271 540 321 crcaao’s
567 272 740 321 LETTERS.
1047 272 1081 324 97

13 441 59 500 in
82 440 140 501 illa
156 441 359 502 auctoritate
377 441 544 502 senatoria
561 441 681 502 florere
698 440 853 514 debebat,
872 449 929 503 aut
953 440 1080 503 forensi

13 549 143 609 labore
169 547 285 610 iactari
313 557 371 609 aut
397 548 590 610 domesticis
623 547 747 610 litteris
780 548 972 623 sustentari,
999 549 1080 635 illud

13 676 118 729 vero,
138 657 228 738 quod
252 677 271 718 a
295 676 399 737 puero
423 657 620 731 adamaram,
644 737 650 745 .

109 809 244 875 πολλὸν
261 811 442 895 ἀριστεύειν
458 810 514 874 καὶ
532 812 707 898 ὑπείροχος
726 812 860 892 ἔμμεναι
878 811 1002 891 ἄλλων,

17 982 140 1034 totum
158 972 333 1046 occidisse,
354 972 508 1035 inimicos
525 993 544 1034 a
561 993 614 1035 me
631 973 753 1055 partim
772 994 839 1036 non
856 984 1079 1055 oppugnatos

17 1081 152 1162 partim
172 1080 272 1142 etiam
292 1100 366 1143 esse
381 1080 554 1156 ,defensos
574 1102 686 1144 meum
705 1102 772 1145 non
797 1082 896 1144 modo
921 1082 1078 1157 animum,

20 1189 86 1250 sed
106 1208 151 1250 ne
170 1188 283 1250 odium
301 1188 435 1270 quidem
454 1208 529 1251 esse
546 1189 699 1264 liberum,
719 1209 888 1271 unumque
913 1209 953 1252 cx
978 1191 1080 1252 omni·

18 1298 89 1359 bus
109 1295 290 1359 Caesarem
308 1316 384 1358 esse
404 1297 578 1359 inventum
600 1297 656 1379 qui
681 1318 735 1360 me
760 1307 892 1360 tantum
917 1308 1079 1380 quantum

20 1425 90 1486 ego
116 1404 239 1466 vellem
265 1413 401 1479 amaret,
426 1414 483 1466 aut
509 1406 619 1480 etiarn,
647 1407 733 1468 sicut
758 1406 811 1468 alii
835 1415 966 1487 putant,
991 1407 1081 1470 hunc
1184 1449 1187 1453 <

22 1532 136 1574 unum
163 1532 239 1575 esse
262 1513 317 1594 qui
335 1513 446 1576 vellet.
498 1513 650 1595 Quorum
675 1523 787 1576 tamen
814 1514 896 1576 nihil
920 1524 972 1577 est
998 1515 1081 1577 eius-

21 1621 120 1683 modi
138 1630 175 1683 ut
193 1640 255 1702 ego
273 1641 326 1683 me
344 1642 412 1684 non
429 1621 535 1684 multa
552 1622 780 1685 consolatione
801 1622 921 1684 cotidie
943 1622 1063 1685 leniam
1073 1644 1081 1700 ;

22 1730 87 1792 sed
106 1728 167 1790 illa
188 1729 249 1791 erit
276 1730 459 1793 consolatio
484 1731 635 1805 maxima,
655 1731 682 1792 si
706 1750 772 1792 una
797 1731 929 1794 erimus
980 1731 1080 1794 Nunc

23 1839 67 1900 ad
94 1837 154 1899 illa
169 1837 222 1900 vel
247 1838 479 1920 gravissimum
504 1839 632 1901 accedit
650 1838 849 1929 desiderium
874 1839 932 1901 tui.
984 1839 1081 1902 Gabi·
1101 1858 1114 1910 5

24 1946 122 2008 nium
142 1945 177 2020 si,
197 1955 233 2007 ut
253 1947 360 2008 Pansa
380 1955 476 2027 putat
501 1947 699 2028 oportuisse,
718 1946 954 2020 defendissem,
974 1948 1080 2010 conci-

24 2054 166 2117 dissem.
217 2053 285 2136 Qui
309 2054 400 2117 illum
426 2055 662 2118 oderunt—ii
688 2064 766 2117 sunt
792 2055 854 2118 toti
878 2055 1011 2119 ordines
1023 2095 1078 2131 -,

24 2170 169 2244 propter
200 2183 300 2244 quem
334 2163 488 2238 oderunt,
516 2184 569 2226 me
597 2164 706 2245 ipsum
739 2163 848 2225 odisse
877 2164 1077 2245 coepissent.

24 2270 142 2333 Tenui
166 2290 229 2345 mc,
254 2280 291 2333 ut
316 2281 406 2352 puto,
430 2272 572 2354 egregie,
591 2281 723 2334 tanturn
749 2281 786 2333 ut
810 2271 957 2333 iacerem
979 2291 1080 2353 quan-

24 2388 102 2441 tum
137 2398 255 2440 omnes
280 2379 451 2455 viderunt;
480 2390 514 2442 et
543 2380 576 2441 in
604 2380 695 2442 omni
719 2400 857 2453 summa,
878 2388 922 2441 ut
951 2400 1078 2455 mones,

24 2487 128 2549 valde
161 2506 215 2548 mc
247 2488 288 2549 ad
320 2488 424 2550 otium
458 2508 642 2569 pacemque
676 2498 844 2550 converto.
903 2488 957 2550 De
988 2488 1115 2551 libris6

25 2640 78 2685 mis
91 2638 124 2685 de
136 2638 210 2685 rebus
221 2654 236 2685 a
247 2640 338 2702 fratre
351 2640 528 2695 esse'eelatum,
582 2638 703 2700 securing
718 2638 832 2687 Cicero’s
851 2638 924 2696 exile,
936 2638 978 2685 ior
995 2639 1079 2687 which

25 2706 104 2751 Fam.
117 2716 138 2768 5.
149 2717 171 2751 2.
180 2718 202 2766 9.
212 2732 244 2739 —
255 2703 373 2756 πολλὸν.
388 2739 395 2753 .
409 2738 416 2753 .
430 2702 529 2754 ἅλλωνε
581 2706 669 2753 action
676 2705 768 2752 Cicero
776 2704 898 2753 attached
906 2705 959 2752 him
968 2704 1080 2769 fiercely;

27 2771 114 2818 Hom.
127 2772 162 2817 ΙΙ.
181 2770 203 2817 6.
224 2770 278 2819 208.
288 2772 477 2820 —defensosz
496 2772 529 2820 cf.
581 2772 614 2820 cf.
622 2779 674 2833 pro
685 2772 747 2819 Sest.
763 2785 790 2832 17
801 2771 829 2818 ff.
858 2771 888 2818 In
902 2771 946 2819 the
958 2780 1012 2820 text
1025 2772 1081 2820 Cic·

24 2854 58 2884 ex
77 2839 126 2885 hoc
141 2838 232 2893 labore,
246 2838 293 2899 Ep.
308 2838 400 2886 XXII.
416 2852 425 2885 r
442 2855 466 2894 n,
479 2838 531 2885 and
582 2854 626 2886 ero
644 2838 667 2886 is
684 2838 812 2900 speaking
829 2838 858 2885 of
874 2838 919 2885 the
937 2837 992 2886 first
1013 2839 1079 2887 trial.

33 2904 179 2960 Vatinium,
194 2904 241 2965 Ep.
256 2904 413 2968 XXIL3n.
581 2932 615 2939 —
631 2905 744 2952 Pansa:
776 2905 805 2952 C.
830 2904 922 2952 Vibius
949 2906 1041 2961 Pansa,
1064 2920 1081 2953 a

63 2983 84 3034 5.
107 2969 263 3019 Gabinium
285 2971 350 3019 si..
365 2970 532 3019 uerendis·
582 2978 722 3033 supportet
739 2970 768 3018 of
791 2970 966 3027 Caesar,·and
986 2970 1080 3033 picked

26 3050 110 3084 sem:
137 3035 265 3085 Gabinius
289 3052 340 3085 was
368 3037 478 3085 accused
502 3039 532 3085 de
583 3046 629 3085 out
642 3038 676 3102 by
687 3038 739 3085 him
755 3037 799 3085 for
813 3037 857 3085 the
876 3038 1026 3100 consulship
1038 3038 1080 3085 for

27 3106 168 3159 maiestate,
192 3104 222 3150 de
248 3104 400 3165 repetundis,
424 3104 475 3152 and
502 3106 532 3152 de
582 3118 622 3167 43.
645 3104 718 3153 With
732 3104 772 3153 his
785 3104 918 3165 colleague
932 3104 1034 3152 Hirtius
1047 3104 1080 3152 he

26 3170 128 3216 ambitu
143 3168 186 3233 (cf.
199 3170 228 3229 Q.
234 3170 275 3232 fr.
286 3184 309 3233 3.
325 3184 345 3217 1.
361 3184 404 3235 15;
423 3185 445 3235 3.
459 3185 481 3235 3.
496 3170 529 3234 2).
582 3186 634 3219 was
647 3170 726 3219 killed
739 3172 764 3218 in
775 3170 819 3219 the
829 3172 920 3218 bellum
933 3172 1080 3218 Mutinense

28 3237 72 3283 On
94 3235 140 3283 the
164 3235 220 3285 first
244 3236 338 3299 charge
362 3237 395 3285 he
416 3253 468 3286 was
491 3252 530 3285 ac·
582 3237 607 3285 in
620 3238 665 3285 the
677 3238 765 3300 spring
777 3237 806 3285 of
824 3237 880 3285 that
896 3252 964 3301 year.
995 3238 1081 3285 Pansa

27 3301 134 3365 quitted
159 3302 201 3364 (Q.
218 3303 260 3366 fr.
285 3317 307 3366 3.
332 3317 354 3362 4.
376 3302 399 3366 ι)
416 3303 529 3366 through
582 3303 634 3351 had
646 3304 773 3369 probably
782 3303 862 3366 urged
875 3304 1003 3352 Ciceroin
1017 3304 1080 3351 Cae-

27 3370 74 3417 the
85 3368 178 3416 efforts
189 3369 217 3417 of
231 3370 353 3433 Pompey‚
364 3370 403 3418 his
416 3370 530 3433 political
582 3371 645 3419 sar's
666 3386 742 3419 name
762 3377 790 3418 to
810 3370 954 3419 undertake
976 3370 1020 3418 the
1038 3369 1079 3418 de-

28 3443 136 3483 master.
172 3435 265 3483 Cicero
287 3452 339 3484 was
362 3436 474 3484 indueed
497 3436 531 3501 by
581 3436 655 3485 sense
674 3438 702 3484 of
725 3436 1026 3485 Gabinius—tantum
1047 3443 1078 3486 ut

29 3500 211 3565 Pompeyand
224 3501 322 3551 Caesar
331 3510 359 3549 to
369 3502 464 3551 defend
476 3503 528 3551 him
583 3504 725 3552 lacerem:
752 3504 844 3551 Cicero
865 3503 993 3567 appeared
1017 3519 1046 3551 as
1064 3518 1080 3551 a

29 3568 107 3615 when
126 3568 159 3615 he
176 3582 249 3617 came
268 3585 302 3632 up
313 3568 355 3617 for
374 3570 431 3617 trial
450 3569 531 3618 under
582 3571 686 3618 witness
710 3571 812 3631 against
837 3571 964 3619 Gabinius
987 3570 1013 3618 in
1034 3569 1079 3618 the

28 3634 76 3682 the
89 3633 188 3682 second
200 3634 302 3697 charge,
310 3634 357 3682 but
367 3636 400 3684 he
410 3652 462 3685 was
473 3651 531 3685 con·
582 3635 638 3684 first
652 3637 719 3693 trial;
738 3636 770 3683 cf.
786 3637 815 3696 Q.
821 3638 862 3700 fr.
876 3651 898 3701 3.
911 3653 934 3697 4.
948 3651 970 3701 3.

28 3699 119 3749 victed
133 3701 196 3764 (pro
207 3702 297 3750 Rabir.
316 3703 383 3751 Post.
398 3717 436 3760 20,
450 3716 480 3767 32
490 3702 529 3766 ᾗ).
615 3703 638 3752 6.
658 3704 693 3752 de
706 3703 797 3752 libris:
816 3703 847 3751 cf.
863 3704 892 3763 Q.
897 3705 939 3769 fr.
952 3718 975 3769 3.
988 3718 1011 3765 4.
1023 3716 1036 3769 5
1049 3705 1079 3753 de

29 3766 231 3836 Gabiniushad
249 3768 360 3819 assisted
379 3768 488 3820 Clodius
503 3770 530 3819 in
581 3770 724 3820 bibliotheca
745 3776 790 3817 tua
813 3770 907 3819 Graeca
930 3772 1078 3835 supplenda,
