2575 4200
535 294 703 346 CICERO'S
723 299 897 348 LETTERS.
1047 309 1110 375 [Ep.
1125 311 1244 358 XXVII.

494 543 645 608 XXVII.
681 545 786 630 (Fam.
812 546 860 609 16.
884 545 948 627 16.)
1281 494 1283 609 l

450 717 615 778 QVINTVS
641 718 773 766 MARCO
799 719 936 765 FRATRI
963 719 988 766 S.

164 871 175 906 r
242 850 294 911 De
312 850 444 924 Tirone,
464 851 508 911 mi
528 851 651 924 Marce,
671 851 717 912 ita
734 860 768 912 te
788 872 967 932 meumque
989 852 1191 913 Ciceronem
1212 861 1242 912 et
1281 872 1282 941 j

194 977 300 1018 meam
325 938 503 1019 Tulliolam
530 968 692 1039 tuumque
717 959 820 1020 lilium
847 959 984 1030 videam,
1006 968 1040 1019 ut
1065 960 1148 1020 mibi
1173 949 1243 1040 gra-
1281 954 1282 957 '

195 1065 359 1126 tissimum
380 1065 500 1139 fecisti,
520 1086 594 1127 cum
621 1087 697 1127 eum
723 1067 897 1146 indignum
923 1067 977 1128 illa
1000 1067 1139 1128 fortuna
1164 1067 1243 1128 iudi-

194 1172 278 1234 casti
310 1193 348 1235 ac
381 1174 477 1235 nobis
509 1174 650 1236 amicum
680 1195 777 1255 quam
811 1195 943 1236 servum
976 1195 1050 1236 esse
1083 1174 1240 1237 maluisti.
1281 1252 1282 1259 ἵ

195 1279 280 1341 Mihi
297 1281 404 1356 crede,
424 1281 491 1343 tuis
510 1291 542 1342 et
562 1282 648 1344 illius
666 1281 788 1344 litteris
805 1282 962 1363 perlectis
980 1282 1099 1343 exsilui
1119 1283 1243 1363 gaudio

161 1397 227 1452 2et
246 1389 307 1450 tibi
325 1398 358 1450 et
376 1409 439 1470 ago
460 1389 584 1470 gratias
606 1398 640 1451 et
658 1389 817 1471 gratulor.
868 1389 906 1452 Si
931 1390 1020 1451 enim
1045 1389 1126 1451 mihi
1153 1390 1241 1453 Stati
1281 1434 1282 1489 ,

165 1495 337 1558 'fidelitas
362 1506 413 1559 est
439 1506 551 1559 tantae
572 1497 746 1578 voluptati,
765 1497 882 1579 quanti
908 1517 983 1560 esse
1007 1497 1040 1559 in
1067 1498 1133 1560 isto
1161 1499 1242 1560 haec

194 1603 310 1664 eadem
328 1604 416 1666 bona
429 1604 552 1665 debent
571 1605 694 1667 additis
712 1604 842 1680 litteris
857 1605 1078 1680 sermonibus
1092 1605 1243 1668 humani-

194 1719 273 1784 tate,
286 1731 370 1793 quae
384 1721 461 1774 sunt
474 1711 525 1774 his
539 1711 619 1793 ipsis
631 1713 814 1776 commodis
823 1713 968 1794 potiora!
1016 1713 1108 1775 Amo
1125 1723 1160 1776 te
1172 1735 1242 1775 om·

194 1819 292 1881 nibus
310 1819 463 1901 equidem
485 1820 527 1882 de
548 1820 701 1883 maximis
719 1821 837 1896 causis,
852 1842 968 1884 verum
985 1821 1086 1883 etiam
1104 1833 1242 1903 propter
1281 1832 1282 1863 ἐ

193 1926 288 2002 hanc,
300 1927 351 1990 vel
363 1927 451 2009 quod
465 1928 544 1990 mihi
554 1928 602 1991 sic
612 1938 651 1990 ut
662 1929 808 1991 debuisti
820 1929 991 1992 nuntiasti.
1023 1930 1073 1991 Te
1084 1938 1197 1991 totum
1210 1930 1240 1991 in

193 2034 314 2109 litteris
330 2035 405 2099 vidi.
457 2035 574 2099 Sabini
593 2037 706 2119 pueris
723 2046 757 2099 et
774 2037 911 2120 promisi
928 2036 1039 2099 omnia
1055 2045 1089 2099 et
1107 2036 1240 2100 faciam.
1281 2042 1282 2122 i

1281 2125 1282 2156 l

492 2273 663 2337 xxvur.
699 2274 802 2359 (nam.
823 2288 851 2353 7.
876 2291 887 2335 1
897 2275 940 2355 ς.)

536 2446 675 2495 CICERO
699 2448 896 2495 TREBATIO.

160 2616 170 2650 1
239 2580 350 2663 Quam
374 2580 441 2643 sint
468 2580 592 2642 morosi
617 2582 675 2662 qui
700 2590 813 2643 amant
840 2580 893 2642 vel
920 2600 961 2643 ex
989 2582 1052 2643 hoc
1085 2580 1239 2664 intellegi

192 2697 320 2770 potest:
352 2687 493 2749 moleste
521 2687 669 2750 ferebam
696 2698 795 2751 antea
819 2698 854 2749 te
879 2688 1021 2751 invitum
1048 2688 1124 2751 istic
1150 2708 1240 2764 esse3
1281 2735 1282 2766 3

192 2796 312 2878 pungit
338 2815 390 2857 me
415 2816 529 2858 rursus
554 2797 643 2877 quod
676 2796 793 2859 scribis
819 2815 893 2858 esse
918 2805 953 2857 te
978 2795 1052 2858 istic
1082 2796 1238 2859 libenter.

1281 2897 1282 2918 l

227 2937 344 2985 XXVII.
356 2936 526 2998 Transalpine
535 2936 610 2993 Gaul,
621 2936 689 3001 May,
740 2937 835 2999 phrase
847 2935 899 2984 and
908 2937 980 2984 crede
988 2936 1057 2984 mihi
1064 2951 1108 2985 are
1117 2952 1240 2985 common
1281 2927 1282 2994 l

195 3015 224 3068 53
238 3014 288 3050 B.c.
740 3003 766 3050 in
779 3003 824 3051 the
836 3002 1067 3065 correspondence.
1094 3002 1152 3051 The
1164 3004 1241 3051 latter
1281 3001 1282 3072 i

228 3083 248 3116 r.
268 3070 307 3117 mi
327 3070 436 3117 Marce:
456 3068 488 3116 cl.
502 3071 540 3116 mi
559 3071 690 3131 Pomponi,
741 3072 835 3117 seems'
849 3077 877 3117 to
901 3069 933 3117 be
955 3069 999 3117 the
1020 3069 1169 3133 colloquial,
1188 3068 1239 3117 and
1281 3075 1282 3082 ’

193 3136 240 3198 Ep.
261 3138 294 3184 X.
314 3150 505 3184 n.-—meam:
532 3139 589 3198 (not
606 3137 689 3200 tuam)
740 3137 808 3184 mihi
821 3137 892 3184 crede
905 3136 949 3183 the
963 3151 1036 3184 more
1048 3136 1143 3183 formal
1156 3136 1238 3183 order.

192 3211 220 3250 to
232 3202 345 3250 iudicate
358 3203 398 3249 his
408 3201 532 3249 affection
544 3202 587 3250 for
596 3202 689 3251 Tullia.
740 3202 889 3252 —exsilui
914 3203 1038 3266 gaudio:
1062 3203 1088 3249 in
1112 3202 1240 3265 harmony
1281 3225 1282 3240 t

191 3296 224 3304 —
233 3269 402 3318 Tulliolam:
424 3268 455 3316 cf.
471 3270 622 3330 pulchellus,
642 3270 689 3332 Ep.
741 3268 801 3316 with
813 3270 857 3317 the
865 3269 978 3317 famiIIar
987 3277 1049 3316 tone
1057 3269 1087 3316 of
1098 3268 1143 3316 the
1155 3268 1238 3316 letter.

192 3336 224 3383 V.
241 3349 269 3383 10
287 3336 375 3383 nand
396 3336 690 3396 Intr.76.—a1nicum
775 3349 797 3383 2.
826 3337 914 3385 Stati:
939 3336 970 3384 cf.
992 3336 1039 3397 Ep.
1060 3335 1122 3382 vll.
1144 3349 1153 3381 r
1174 3350 1239 3382 n.-

193 3438 199 3451 .
220 3437 227 3450 .
248 3437 254 3450 .
274 3402 415 3451 maluisti:
436 3402 496 3450 with
516 3402 647 3450 reference
662 3410 689 3449 to
741 3402 783 3449 sic
803 3438 830 3450 ..
847 3438 853 3449 .
872 3402 1023 3452 nuntiasti:
1044 3401 1086 3449 for
1103 3401 1148 3450 the
1165 3401 1238 3449 abso

192 3469 277 3517 Tiro’s
287 3469 483 3517 manumission.
503 3469 595 3517 Cicero
605 3484 689 3517 seems
740 3468 794 3517 lute
814 3485 859 3517 use
877 3470 906 3516 of
929 3471 1026 3525 nuntio,
1046 3468 1078 3516 cf.
1098 3469 1156 3515 Ter.
1176 3469 1236 3515 Hec.
1281 3503 1282 3534 ,

193 3544 220 3583 to
245 3535 312 3584 refer
335 3544 362 3583 to
387 3535 431 3583 the
461 3551 533 3583 same
563 3543 639 3584 event
663 3536 689 3583 in
740 3534 872 3595 642,bene,
882 3538 918 3584 ita
931 3552 971 3583 me
981 3536 1011 3583 di
1020 3542 1114 3592 ament,
1123 3537 1236 3583 nuntias.
1281 3589 1282 3608 Χ

192 3608 278 3649 nostra
354 3601 429 3664 fient,
452 3603 524 3651 Fam.
548 3603 584 3651 16.
606 3618 643 3651 10.
666 3616 688 3659 2,
739 3603 893 3651 -Sabinn
913 3602 1051 3650 unknown.
1281 3643 1282 3648 ,

191 3666 307 3715 anddies
319 3670 506 3731 promissorum
526 3670 710 3731 adaequem,
774 3670 906 3717 XXVIII.
922 3670 1012 3724 Rome,
1025 3670 1100 3727 June,
1114 3681 1144 3731 53
1158 3680 1208 3715 uc.
1281 3689 1282 3692 ¹

189 3736 266 3781 ctiam
288 3736 482 3794 repraesentabo,
504 3738 527 3780 sr'
547 3737 687 3788 (adveneris,
778 3751 795 3780 1.
832 3750 918 3797 quam
954 3736 1012 3782 sint
1047 3734 1154 3783 morosi
1190 3734 1236 3797 qui

190 3800 264 3849 Fam
275 3799 311 3849 16.
325 3814 361 3860 14.
372 3814 392 3848 2.
408 3801 512 3849 -mini
525 3802 623 3849 crede:
638 3802 689 3849 this
740 3811 854 3850 amant:
882 3802 978 3851 B'ockel
1002 3800 1135 3850 considers
1153 3800 1236 3850 thisa
