2575 4200
37 246 128 295 Fam.
148 260 187 294 10.
204 245 253 310 ι5.]
320 250 323 253 ·
407 232 773 293 fflceuos'nurruns.
1061 243 1110 294 283

39 434 84 476 se
106 413 315 487 Antonium,
335 412 364 475 si
386 412 562 493 prohibere
579 411 751 493 provincia
770 432 829 474 sua
847 433 914 475 non
932 412 1108 493 potuisset,

40 522 149 584 bello
174 519 438 604 persecuturum,
458 541 511 582 me
536 531 572 582 ut
597 520 744 582 venirem
772 521 950 603 copiasque
976 521 1110 584 coniun-

41 651 177 712 gerem
212 629 350 711 rogavit,
387 649 492 710 eoque
525 628 640 710 magis,
677 629 764 710 quod
798 639 831 690 et
863 628 1036 692 Antonius
1069 630 1110 692 ab

42 739 213 821 equitatu
239 739 354 800 firmus
375 727 458 809 'esse
487 737 660 799 dicebatur
689 747 721 798 et
748 737 895 818 Lepidus
921 758 963 800 ne
989 740 1110 800 medio·
1138 729 1140 733 ’

42 868 151 911 crem
178 846 312 929 quidem
336 846 518 928 equitatum
540 845 701 920 habebat;
726 866 802 908 nam
822 846 921 908 etiam
945 867 985 908 ex
1002 848 1111 928 pauci-

43 966 131 1018 tate
167 955 239 1017 eius
272 974 339 1016 non
373 953 485 1015 multis
517 963 595 1015 ante
629 953 747 1016 diebus
772 954 888 1016 decem
914 955 969 1036 qui
994 955 1110 1037 optimi

44 1065 197 1126 fuerant
214 1064 255 1125 ad
273 1083 326 1124 me
344 1063 556 1126 transierunt.
609 1062 741 1144 Quibus
762 1062 861 1124 rebus
886 1083 948 1144 ego
966 1063 1110 1144 cognitis

47 1181 240 1235 cunctatus
266 1191 332 1233 non
361 1191 444 1234 sum.
496 1171 535 1232 ln
569 1192 669 1235 cursu
702 1171 863 1234 bonorum
896 1172 1110 1234 consiliorum

51 1280 229 1360 Lepidum
267 1279 487 1358 adiuvandum
523 1279 645 1360 putavi.
696 1279 874 1342 Adventus
907 1300 1000 1342 meus
1033 1281 1145 1362 quid3

49 1389 274 1470 profecturus
300 1397 389 1450 esset
414 1387 490 1461 vidi,
509 1387 562 1450 vel
586 1388 674 1470 quod
698 1388 848 1470 equitatu
866 1409 939 1450 meo
957 1389 1111 1470 persequi

50 1507 163 1579 atque
181 1495 368 1577 opprimere
388 1495 570 1577 equitatum
591 1497 663 1561 eius
681 1517 824 1578 possem,
844 1497 896 1558 vel
917 1498 1005 1578 quod
1022 1517 1112 1559 exer-

53 1606 150 1667 citus
179 1603 298 1685 Lepidi
322 1624 394 1666 eam
412 1614 540 1685 partem
558 1625 642 1686 quae
660 1614 814 1686 corrupta
837 1615 888 1666 est
911 1615 943 1667 et
961 1605 1002 1667 ab
1028 1626 1062 1667 re
1079 1627 1111 1687 p.

54 1713 209 1775 alienata
233 1722 267 1774 et
292 1711 458 1794 corrigere
486 1722 519 1774 et
544 1732 699 1775 coercere
724 1713 912 1793 praesentia
937 1713 1003 1774 mei
1023 1733 1112 1776 exer-

55 1821 151 1884 citus
179 1839 322 1900 possem.
374 1820 489 1902 Itaque
519 1820 552 1881 in
579 1821 671 1883 Isara
695 1821 833 1883 flumine
856 1821 999 1883 maximo
1024 1822 1112 1903 quod

59 1929 97 1990 in
132 1927 256 1990 finibus
289 1937 341 1991 est
366 1928 588 2010 Allobrogum
613 1939 717 2010 ponte
742 1949 807 1990 uno
832 1929 885 1990 die
909 1929 998 1992 iacto
1024 1925 1112 1992 eiter-

60 2041 172 2105 citum
205 2060 232 2103 a.
260 2040 291 2103 d.
318 2057 353 2100 lv
379 2037 458 2099 Idus
493 2037 571 2100 Mai.
607 2037 747 2100 traduxi.
798 2037 882 2100 Cum
919 2057 997 2099 vero
1031 2038 1112 2099 mihi

57 2149 253 2212 nuntiatum
279 2155 370 2209 esset
394 2146 432 2208 L.
451 2145 640 2208 Antonium
658 2146 878 2227 praemissum
899 2167 974 2209 cum
998 2146 1112 2228 equiti-

58 2256 126 2320 bus
153 2267 187 2319 et
207 2256 401 2319 cohortibus
426 2255 467 2317 ad
491 2256 613 2317 Forum
637 2254 700 2316 Iuli
720 2254 861 2329 venisse,
880 2254 1016 2317 fratrem
1038 2275 1112 2317 cum

63 2364 219 2447 equitum
237 2374 393 2445 quattuor
409 2363 541 2425 milibus
569 2373 605 2425 ut
628 2372 817 2425 occurreret
843 2361 872 2423 ei
902 2362 977 2424 misi
994 2383 1022 2425 a.
1042 2364 1073 2425 d.
1091 2382 1114 2424 v

60 2474 147 2535 Idus
166 2473 244 2535 Mai.
296 2472 374 2553 Ipse
397 2472 550 2534 maximis
576 2470 750 2533 itineribus
773 2492 847 2533 cum
874 2490 909 2532 1v
926 2470 1113 2551 legionibus

59 2580 230 2663 expeditis
247 2590 280 2643 et
297 2581 423 2662 reliquo
449 2580 598 2662 equitatu
616 2580 807 2660 subsequar.
860 2578 896 2643 Si
914 2599 974 2641 nos
992 2580 1113 2641 medio·
1132 2601 1148 2646 4

59 2690 131 2752 cris
157 2689 256 2751 modo
281 2688 415 2750 fortuna
439 2688 486 2750 rei
511 2709 541 2769 p.
570 2687 742 2761 adiuverit,
769 2696 803 2748 et
828 2687 984 2750 audaciae
1010 2687 1115 2767 perdi-

59 2807 176 2860 torum
205 2806 239 2858 et
266 2806 401 2858 nostrae
426 2795 662 2858 sollicitudinis
689 2795 744 2858 hic
767 2795 868 2857 finem
895 2796 1098 2875 reperiemus
1107 2816 1115 2871 ;

60 2905 156 2988 quod
189 2904 217 2967 si
249 2905 334 2967 latro
363 2904 580 2986 praecognito
610 2913 725 2966 nostro
755 2904 900 2966 adventu
933 2924 1047 2966 rursus
1081 2904 1114 2965 in

62 3012 200 3075 Italiam
246 3033 282 3075 se
327 3013 476 3093 recipere
520 3012 678 3093 coeperit,
727 3011 822 3073 Bruti
861 3012 923 3073 erit
969 3012 1113 3074 officium

64 3154 158 3203 Planc.
183 3153 386 3217 Fam.y10.23.
416 3154 568 3216 4).-pro·
616 3154 719 3201 —a.d.
732 3167 773 3200 rv.
788 3153 858 3201 Idus
869 3152 951 3200 Mai:
969 3152 1013 3199 the
1027 3150 1116 3213 bridge

62 3220 164 3269 vincia
187 3234 260 3269 sua:
291 3220 399 3284 Antony
422 3219 466 3267 did
496 3228 569 3268 enter
617 3235 670 3268 was
688 3219 753 3267 built
770 3220 835 3267 a.'d.
852 3235 874 3267 V.
893 3219 957 3265 Idus
974 3219 1053 3275 Mai.;
1071 3218 1116 3266 the

63 3286 155 3336 Gallia
178 3286 367 3334 Narbonensis.
411 3286 452 3334 Cf.
473 3286 567 3333 introd.
617 3286 721 3349 cavalry
751 3284 832 3333 under
867 3285 912 3332 the
946 3284 1055 3332 brother
1088 3284 1118 3331 of

63 3355 226 3402 note—ab
245 3352 376 3415 equitatu
394 3354 509 3401 firmus:
535 3352 567 3400 cf.
619 3354 730 3400 Plancus
749 3367 801 3399 was
822 3359 880 3400 sent
904 3366 992 3399 across
1016 3366 1050 3398 on
1072 3350 1116 3399 the

64 3423 97 3469 ab
115 3420 215 3476 amicis,
235 3419 284 3481 Ep.
304 3420 324 3465 Ι.
344 3434 357 3466 2
376 3421 568 3468 n.—decem:
617 3419 728 3481 evening
740 3419 768 3466 of
786 3418 843 3467 that
856 3418 912 3482 day,
926 3417 977 3465 and
990 3417 1034 3466 the
1047 3417 1116 3465 main

66 3486 171 3535 Schelle
196 3486 359 3549 conjectures
382 3488 486 3533 sescenti
507 3485 568 3533 with
617 3501 690 3549 army
707 3484 813 3533 crossed
831 3486 875 3533 the
894 3493 955 3533 next
972 3484 1023 3548 day
1038 3484 1074 3546 (a.
1088 3485 1115 3532 d.

65 3552 235 3617 probability.
620 3567 661 3600 ιν.
673 3552 742 3600 Idus
756 3552 840 3614 Mai).
876 3551 917 3599 ct.
934 3552 1026 3606 Ruete,
1042 3564 1078 3613 51.

102 3635 125 3683 3.
145 3620 227 3669 eius:
246 3620 284 3666 τῖε.
293 3618 322 3665 oi
334 3620 450 3683 Antony.
460 3646 494 3653 -
504 3633 569 3667 earn
652 3633 674 3677 4.
694 3620 723 3666 in
734 3618 849 3666 Italiam
864 3653 870 3665 .
884 3652 890 3665 .
905 3652 911 3665 .
925 3618 1063 3680 coeperit:
1076 3618 1118 3664 for

66 3693 201 3750 partem:
219 3685 346 3750 probably
361 3685 405 3733 the
423 3684 569 3733 celebrated
618 3686 663 3732 the
672 3685 786 3733 forecast
796 3684 879 3732 which
891 3686 923 3731 D.
936 3685 1032 3732 Brutus
1041 3683 1117 3731 made

67 3753 143 3805 tenth
161 3752 256 3817 legion.
292 3752 334 3802 Cf.
356 3754 425 3800 Fam.
443 3766 478 3800 ro.
496 3766 532 3800 ιι.
548 3767 568 3799 2.
618 3752 648 3800 of
666 3751 709 3802 the
728 3758 890 3801 movements
909 3750 937 3798 of
957 3752 1071 3817 Antony‚
1084 3750 1116 3800 cf.
