2575 4200
205 265 254 316 280
545 266 714 315 CICERO'S
739 265 913 315 LETTERS.
1063 264 1124 330 [Ep.
1138 266 1246 315 XCVII.

205 442 342 497 senatus
381 435 521 516 gravior,
563 435 779 509 constantior,
822 434 959 497 amicior
996 434 1064 496 tuis
1096 434 1249 497 laudibus

204 562 280 605 esse
304 563 372 605 non
387 543 504 625 ,potuit
537 564 636 625 quam
669 553 741 606 tum
774 543 849 618 fuit,
881 524 942 606 nec
968 563 1046 605 vero
1072 542 1135 605 tibi
1160 563 1250 605 sena·

204 659 259 713 tus
291 651 428 714 amicior
459 672 557 733 quam
591 660 714 715 cuncta
748 651 874 714 civitas
926 650 1127 713 Mirabiliter
1162 651 1249 712 enim

203 759 346 840 populus
388 760 429 823 R.
472 759 646 822 universus
687 769 721 821 et
767 760 916 822 omniurn
960 779 1121 841 generum
1169 760 1249 821 ordi·
1278 742 1279 837 l

203 887 351 949 numque
379 887 565 930 consensus
588 869 629 930 ad
652 867 857 930 liberandam
883 880 953 929 rem
978 889 1007 949 p.
1036 868 1248 949 conspiravit.

172 992 185 1045 5
205 976 309 1057 Perge
335 976 445 1058 igitur,
465 986 501 1039 ut
526 976 608 1057 agis,
635 996 826 1058 nomenque
851 986 946 1038 tuum
971 976 1171 1038 commenda
1195 975 1250 1036 im·

203 1085 408 1159 mortalitati,
435 1095 536 1167 atque
569 1086 652 1147 haec
685 1084 796 1147 omnia
828 1105 913 1166 quae
945 1083 1070 1146 habent
1104 1084 1249 1165 speciem

203 1192 328 1274 gloriae
353 1194 507 1256 conlecta
533 1193 736 1256 inanissimis
756 1193 941 1274 splendoris
964 1191 1155 1273 insignibus
1177 1212 1251 1254 eon-

202 1309 326 1377 temne,
350 1302 463 1365 brevia
489 1302 604 1364 fucata
632 1302 757 1364 caduca
781 1301 944 1363 existima.
994 1300 1120 1363 Verum
1148 1300 1250 1361 decus
1278 1312 1279 1383 l

204 1409 237 1471 in
254 1410 379 1473 virtute
396 1410 542 1492 positum
561 1420 612 1472 est
634 1429 720 1491 quae
741 1409 885 1472 maxime
905 1408 1102 1471 inlustratur
1118 1408 1251 1490 magnis

205 1518 238 1579 in
263 1539 332 1580 rem
358 1540 388 1600 p.
415 1518 551 1581 meritis.
603 1519 687 1581 Eam
711 1518 907 1581 facultatem
933 1516 1036 1607 habes
1060 1516 1249 1590 maximam,

203 1647 301 1707 quam
335 1628 489 1708 quoniam
533 1626 725 1707 complexus
760 1646 806 1701 es,
840 1635 928 1688 tene.
980 1624 1104 1687 Perfice
1138 1634 1177 1686 ut
1210 1645 1251 1685 ne

169 1716 172 1720 ¹
203 1734 313 1797 minus
345 1754 398 1797 res
431 1756 462 1816 p.
493 1734 555 1796 tibi
582 1733 744 1816 quam'tu
773 1734 821 1797 rei
844 1755 875 1815 p.
902 1734 1035 1797 debeas.
1085 1732 1144 1794 Me
1175 1741 1251 1795 tuae

203 1843 384 1924 dignitatis.
395 1863 462 1905 non
480 1844 578 1905 modo
595 1843 762 1905 fautorem
781 1843 840 1905 sed
858 1842 958 1904 etiam
975 1840 1252 1922 amplificatorem

203 1971 397 2032 cognosces
448 1951 485 2013 ld
503 1972 579 2014 cum
596 1952 643 2013 rei
661 1972 703 2032 p.,
722 1970 807 2032 quae
824 1950 905 2012 mihi
921 1950 1022 2012 vitast
1039 1968 1113 2011 mea
1131 1949 1250 2022 carior,
1278 1936 1279 1953 ¹

203 2068 274 2122 tum
300 2069 435 2123 nostrae
460 2059 704 2123 necessitudini
729 2059 851 2122 debere
876 2077 930 2121 me
963 2057 1081 2120 iudico
1133 2056 1253 2139 Atque

202 2169 236 2231 in
254 2169 306 2231 his
324 2168 412 2231 curis
430 2189 512 2250 quas
538 2168 665 2231 contuli
682 2169 722 2230 ad
744 2167 942 2250 dignitatem
961 2176 1052 2228 tuam
1069 2165 1145 2247 cepi
1163 2186 1253 2247 mag-

202 2298 278 2339 nam
298 2278 514 2358 voluptatem,
531 2277 620 2358 quod
643 2273 730 2339 bene
758 2267 929 2358 cognitam
951 2275 1033 2337 mihi
1055 2274 1094 2336 T.
1116 2274 1251 2336 Munati

202 2386 413 2466 prudentiam
440 2395 473 2446 et
496 2385 595 2447 fidem
618 2385 723 2466 magis
749 2385 849 2446 etiam
876 2383 1029 2465 perspexi
1056 2382 1088 2444 in
1113 2382 1189 2443 eius
1208 2382 1252 2442 in·
1278 2437 1279 2460 ,

202 2494 351 2557 credibili
369 2514 448 2575 erga
462 2503 495 2555 te
512 2492 748 2555 benevolentia
758 2503 791 2555 et
803 2491 985 2574 diligentia.
1020 2509 1059 2552 111
1071 2491 1154 2552 Idus
1166 2489 1249 2571 Apr.

500 2701 645 2764 XCVII.
697 2701 801 2785 (Fam.
826 2717 875 2763 11.
894 2701 941 2783 9.)

442 2876 476 2922 D.
495 2875 639 2924 BRVTVS
661 2874 686 2923 S.
706 2875 739 2922 D.
759 2875 795 2922 M.
815 2872 1006 2923 CICERONI.

169 3041 179 3074 1
248 3010 354 3072 Pansa
378 3009 502 3071 amisso
526 3019 689 3090 quantum
714 3007 910 3071 detrimenti
933 3027 996 3070 res.
1023 3027 1054 3088 p.
1080 3007 1248 3088 acceperit

201 3139 267 3181 non
293 3127 327 3180 te
352 3117 521 3198 praeterit.
573 3117 673 3180 Nunc
699 3117 899 3179 auctoritate
924 3125 957 3178 et
983 3115 1166 3196 prudentia
1192 3125 1248 3178 tua

201 3227 383 3308 prospicias
408 3235 540 3307 oportet
558 3246 601 3287 ne
619 3225 745 3288 inimici
764 3224 870 3287 nostri
887 3223 1082 3286 consulibus
1105 3223 1248 3286 sublatis

199 3369 239 3416 dis
263 3367 457 3430 hominibusque
479 3367 595 3429 infestus.
650 3367 699 3414 See
747 3380 798 3412 was
816 3363 897 3412 killed
914 3379 949 3412 on
967 3364 1013 3411 the
1030 3362 1091 3411 field
1109 3363 1140 3410 of
1156 3362 1246 3418 battle,
1278 3377 1279 3410 r

199 3434 256 3481 also
270 3436 342 3490 Otto,
355 3434 549 3494 Sprichwo'rtcr,
564 3445 618 3495 179.
746 3432 820 3480 while
830 3433 914 3479 Pansa
921 3445 973 3478 was
981 3429 1245 3493 mortallywounded,
1278 3459 1279 3464 =

233 3500 348 3548 XCVII.
396 3501 474 3548 From
499 3500 543 3547 the
572 3514 648 3561 camp
672 3506 698 3546 at
746 3498 798 3546 and
810 3497 870 3546 died
883 3505 935 3544 two
948 3496 1011 3561 days
1023 3496 1096 3544 later.
1124 3495 1167 3544 ct.
1187 3497 1245 3543 Intr.

201 3566 319 3628 Regium,
345 3567 408 3628 Apr.
434 3579 472 3627 29,
497 3579 528 3628 43
553 3577 603 3612 ac.
655 3566 697 3612 On
745 3579 784 3624 42.
833 3563 895 3611 Had
923 3563 976 3611 this
1004 3562 1178 3624 catastrophe
1203 3571 1245 3609 not
1278 3615 1279 3618 Ἴ

200 3632 305 3687 Brutus,
316 3632 349 3679 cf.
367 3634 415 3694 Ep.
430 3631 582 3678 LXXXVI.
601 3629 696 3678 introd.
744 3629 875 3686 occurred,
890 3630 998 3693 Antony
1010 3627 1097 3676 would
1114 3629 1245 3692 probably

199 3704 271 3744 note.
743 3696 810 3744 have
823 3696 887 3744 been
901 3695 1019 3750 crushed,
1031 3694 1082 3742 and
1095 3694 1141 3743 the
1150 3709 1245 3743 course

236 3775 256 3809 1.
273 3763 441 3812 consulibus
448 3763 581 3812 sublatis:
594 3763 696 3811 Hirtius
743 3763 773 3811 of
790 3770 880 3810 events
897 3763 996 3826 greatly
1010 3760 1137 3823 changed,
1151 3776 1185 3810 as
1204 3761 1245 3809 the
1278 3757 1279 3798 l
