2575 4200
25 276 88 324 Att.
107 290 143 326 12.
154 274 207 343 ῃ]
379 276 546 326 CICERO’S
572 277 743 326 LETTERS.

1031 276 1078 327 221

26 464 113 508 cum
130 443 175 505 illi
190 444 351 508 dixissem
368 430 422 508 me
439 445 546 508 solum
564 423 640 509 esse
657 445 758 522 velle;
782 466 848 527 qua
869 465 905 508 re
921 444 1010 508 nolle
1026 465 1080 508 me

25 553 99 615 ho'c
127 561 277 634 tempore
306 573 379 615 eam
408 554 449 616 ad
479 574 532 617 me
557 553 681 617 venire.
738 554 909 629 Putabam,
940 554 968 616 si
997 553 1080 616 nihil

26 660 292 742 rescripsissem,
319 661 409 725 illam
435 682 512 725 cum
545 672 652 725 matre
676 670 863 737 venturam,
889 682 979 725 nunc
1012 682 1079 725 non

26 778 140 851 puto;
175 770 357 851 apparebat
386 770 475 834 enirn
509 770 582 833 illas
616 770 745 833 litteras
777 790 845 833 non
878 770 965 834 illius
994 791 1077 834 esse.

28 876 122 939 Illud
140 886 253 940 autem
271 878 360 960 quod
382 878 455 941 fore
471 878 569 941 video
595 878 703 959 ipsum
720 878 796 941 volo
811 878 925 953 vitare,
944 899 988 941 ne
1004 878 1080 942 illae

27 986 71 1047 ad
87 1005 141 1047 me
153 986 302 1049 veniant.
324 1014 326 1019 ·
353 986 397 1049 Et
412 1006 478 1049 una
494 996 546 1049 est
564 986 692 1061 vitatio,
708 995 745 1049 ut
762 986 847 1050 alio:
873 986 1005 1062 nollem,
1020 988 1079 1050 sed

28 1114 173 1157 necesse
189 1103 271 1158 est·
301 1095 351 1157 Te
372 1095 435 1158 hoc
454 1115 545 1158 nunc
570 1114 651 1177 rogo
676 1104 714 1157 ut
739 1095 890 1176 explores
914 1096 955 1158 ad
979 1116 1078 1177 quam

29 1202 122 1264 diem
146 1202 201 1266 hic
226 1202 274 1265 ita
302 1203 428 1284 possim
454 1223 529 1266 esse
554 1212 590 1265 ut
616 1223 659 1265 ne
684 1203 859 1285 opprimar.
911 1203 1015 1285 Ages,
1042 1215 1079 1267 ut

31 1309 163 1386 scribis,
189 1320 384 1392 temperate.
439 1310 594 1375 Ciceroni
618 1311 718 1375 velim
743 1312 806 1374 hoc
831 1331 1007 1393 proponas
1034 1313 1112 1374 ita2
1185 1312 1190 1321 ’

32 1427 156 1495 tamen,
176 1419 208 1483 si
222 1419 285 1483 tibi
302 1440 369 1482 non
387 1420 538 1502 iniquum
555 1419 734 1495 videbitur,
753 1429 790 1483 ut
808 1430 963 1501 sumptus
980 1420 1079 1483 huius

32 1527 322 1610 peregrinationis,
357 1528 489 1611 quibus,
524 1528 552 1591 si
590 1529 720 1591 Romae
755 1537 845 1591 esset
877 1529 1080 1610 domumque

34 1636 246 1710 conduceret,
262 1637 350 1719 quod
363 1636 476 1699 facere
489 1636 670 1719 cogitabat,
684 1636 784 1700 facile
797 1646 978 1700 contentus
991 1637 1080 1700 futu-

35 1764 91 1806 rus
107 1753 188 1819 erat,
203 1745 434 1808 accommodet
451 1745 492 1807 ad
509 1745 681 1830 mercedes
698 1744 846 1826 Argileti
863 1754 897 1807 et
915 1744 1080 1808 Aventini

36 1848 83 1927 et,
104 1874 181 1917 cum
206 1853 237 1916 ei
261 1854 486 1935 proposueris,
513 1853 585 1935 ipse
608 1853 708 1916 velim
741 1853 868 1935 reliqua
896 1854 1077 1928 moderere,

36 1962 313 2042 quemadmodum
331 1961 429 2024 exiis
446 1962 657 2025 mercedibus
676 1961 929 2042 suppeditemus
947 1962 978 2023 ei
991 1962 1079 2044 quod

37 2088 117 2151 opus
142 2070 196 2136 sit.
247 2070 427 2134 Praestabo
452 2090 515 2134 nec
541 2069 696 2134 Bibulum
723 2089 785 2134 nec
809 2069 992 2150 Acidinum
1017 2090 1079 2135 nec

39 2177 237 2255 Messallam,
250 2199 334 2262 quos
345 2179 494 2242 Athenis
505 2179 638 2242 futuros
649 2179 757 2254 audi0,
769 2178 911 2241 maiores
925 2189 1078 2260 sumptus

39 2320 138 2369 -illas
156 2320 270 2370 litteras
284 2335 343 2369 non
355 2334 423 2369 esse
435 2319 529 2370 illius:
582 2321 659 2384 quod
678 2356 685 2368 .
703 2356 709 2368 .
726 2355 733 2368 .
752 2320 912 2384 cogitabat:
930 2321 992 2384 only
1003 2335 1019 2367 a
1030 2320 1080 2369 few
1142 2338 1146 2348 ·

39 2402 66 2432 sc.
78 2387 124 2436 but
136 2386 253 2435 dictated
271 2387 305 2451 by
316 2387 363 2435 her
374 2387 531 2435 mother.-
583 2387 669 2435 weeks
692 2387 782 2435 before
802 2387 854 2435 this
875 2387 944 2442 time,
965 2387 1080 2435 Cicero's

40 2453 103 2501 alio:
130 2470 163 2501 se.
187 2453 486 2513 discedam—nollem,
515 2455 536 2501 I
582 2468 640 2511 son,
653 2454 768 2516 growing
780 2454 875 2501 restive
887 2452 968 2500 under
980 2454 1025 2501 the
1036 2469 1079 2516 pa-

38 2534 75 2566 am
87 2528 249 2582 sorry.-ut
259 2520 375 2569 scribis:
399 2523 436 2567 ie.
448 2537 532 2584 quem·
582 2521 666 2569 ternal
676 2521 742 2577 roos,
750 2520 862 2582 perhaps
873 2520 983 2567 because
993 2519 1022 2567 of
1034 2521 1078 2568 the

39 2588 169 2635 admodum
181 2587 288 2636 scribere
300 2588 362 2635 soles
376 2586 474 2650 (Boot).
583 2594 724 2635 treatment
739 2586 822 2634 which
843 2586 884 2634 his
903 2586 1006 2634 mother
1026 2585 1078 2634 had

69 2667 89 2701 2.
107 2655 147 2702 ita
160 2689 169 2703 .
182 2688 190 2702 .
203 2688 211 2702 .
224 2653 258 2712 si,
271 2655 332 2718 only
348 2655 377 2700 in
394 2671 449 2703 case
465 2654 529 2701 that.
582 2653 708 2710 received,
725 2653 778 2701 and
801 2653 911 2702 because
929 2654 958 2701 ot
980 2653 1020 2700 his
1042 2653 1079 2700 fa-

41 2719 222 2769 Wordswhich
232 2720 328 2769 denote
336 2720 429 2783 degree
439 2719 529 2768 obtain
581 2720 662 2769 ther’s
685 2720 811 2782 marriage
835 2727 863 2766 to
888 2719 1005 2776 Publilia,
1026 2719 1078 2767 had

40 2786 105 2835 often
117 2787 187 2835 from
200 2787 245 2835 the
258 2794 364 2835 context
376 2787 421 2835 the
430 2786 489 2835 idea
501 2787 531 2834 of

39 2851 179 2902 limitation.
204 2853 246 2902 Cf.
257 2855 305 2917 Ep.
322 2853 442 2901 XXXII.
454 2867 467 2900 2
479 2871 495 2900 a
507 2861 530 2902 te

40 2923 127 2982 rogabo,
138 2956 143 2967 .
154 2956 159 2967 .
171 2956 177 2967 .
187 2922 224 2969 ita
236 2922 304 2969 mr'lei
314 2921 362 2976 des,
372 2922 396 2966 si
406 2921 453 2967 tibi
463 2926 494 2967 ut
503 2921 534 2968 id

40 2986 137 3036 libenter
140 2988 231 3052 facias
241 2993 300 3035 ante
306 2987 467 3048 persuaseris
473 3003 483 3043 ,·
500 2987 529 3033 in

43 3053 87 3100 Cat.
95 3068 118 3118 3.
130 3054 160 3102 16
169 3061 221 3102 tam
232 3054 278 3101 diu
290 3054 307 3116 (⁴
315 3053 378 3117 only
386 3068 417 3101 so
429 3054 491 3115 long
500 3053 528 3115 ’);

39 3125 79 3178 pre
94 3123 163 3168 Flac.
184 3134 216 3184 34
233 3121 304 3167 dixit
319 3127 438 3167 tantum:
461 3121 531 3168 nileil

41 3188 147 3244 ostendit,
158 3187 228 3234 nihil
233 3187 352 3247 protulit.
360 3186 529 3248 -peregri-

42 3254 170 3303 nationis:
190 3267 279 3317 young
296 3252 390 3301 Cicero
409 3252 459 3300 had
474 3253 528 3314 just

42 3331 98 3378 gone
134 3328 163 3368 to
195 3319 298 3367 Athens
333 3326 362 3366 to
392 3327 529 3382 prosecute

42 3383 73 3432 his
89 3386 188 3436 studies
207 3386 288 3443 there,
306 3385 359 3434 and
382 3402 411 3434 as
436 3387 527 3434 Cicero

42 3449 133 3502 himself
160 3452 248 3501 would
276 3452 310 3500 be
339 3452 430 3500 absent
459 3453 527 3499 from

43 3517 123 3577 Rome,
146 3521 181 3568 he
210 3519 349 3582 requested
373 3519 476 3567 Atticus
500 3526 528 3566 to

43 3598 81 3650 pay
103 3588 146 3636 the
172 3601 261 3650 young
289 3586 371 3633 man's
401 3601 527 3648 expensas

42 3649 97 3700 from
110 3655 154 3702 the
166 3653 251 3700 rental
263 3651 292 3699 of
310 3652 406 3700 certain
422 3652 526 3709 houses.

42 3721 192 3782 *quibuffl
218 3718 344 3780 referring
366 3717 478 3766 forward
499 3725 526 3765 to

44 3787 185 3835 mercedes¹
196 3785 265 3834 —si
279 3819 284 3830 .
302 3819 308 3831 .
323 3819 329 3832 .
343 3785 525 3843 conduceret,

580 2786 634 2834 laid
655 2786 745 2834 before
766 2786 913 2834 his.father
933 2794 984 2835 two
1005 2786 1079 2834 alter-

582 2854 690 2909 natives,
708 2853 791 2900 either
809 2851 867 2900 that
883 2852 917 2900 he
934 2852 1030 2902 should
1045 2853 1078 2902 be

582 2919 692 2968 allowed
710 2927 737 2967 to
755 2919 810 2981 join
829 2920 926 2967 Caesar
941 2919 968 2967 in
988 2921 1077 2982 Spain,

570 3005 571 3010 ¹
581 3001 611 3034 or
623 2987 681 3035 that
693 2987 726 3034 he
738 2985 835 3034 should
847 2986 913 3034 have
925 3002 942 3034 a
953 2987 1037 3034 house
1049 2987 1078 3034 of

580 3052 621 3102 his
642 3068 700 3101 own
717 3060 745 3100 at
764 3053 862 3109 Rome,
884 3053 994 3117 (filatim)
1014 3055 1078 3100 velle

581 3121 746 3180 Hispaniam,
778 3121 907 3182 requirere
940 3120 1077 3166 liberalita-

579 3193 635 3242 tem,
649 3188 702 3235 Aet.
718 3199 755 3233 12.
769 3198 792 3246 7.
807 3200 828 3232 1.
838 3215 871 3221 —
881 3185 1019 3250 Argileti:
1032 3186 1077 3234 the

581 3252 727 3314 Argiletum
734 3252 841 3300 entered
850 3252 894 3300 the
904 3254 1000 3300 Forum
1008 3252 1081 3300 from*

580 3319 624 3367 the
648 3319 734 3376 north,
757 3319 865 3382 passing
891 3318 1007 3367 between
1032 3318 1076 3366 the

580 3386 661 3433 Curia
680 3385 734 3433 and
757 3386 802 3434 the
826 3386 937 3434 Basilica
956 3385 1074 3433 Aemilia.

580 3452 672 3500 Cicero
690 3450 822 3516 evidently
839 3451 891 3499 had
912 3452 1009 3500 houses
1028 3452 1076 3514 (in-

579 3518 659 3581 sulae)
673 3518 756 3567 which
769 3519 802 3566 he
820 3517 910 3566 rented
927 3518 953 3565 in
971 3519 1016 3566 the
1029 3518 1076 3565 Ar·

579 3585 687 3645 giletum
708 3584 760 3632 and
779 3600 814 3633 on
832 3585 877 3632 the
896 3585 1075 3633 Aventina.-

580 3651 728 3709 Bibulum,
753 3650 919 3710 Acidinum,
949 3651 1074 3700 Messal-

578 3716 651 3765 lam:
671 3718 723 3765 rich
740 3732 828 3782 young
845 3717 1003 3774 aristocrats‚
1016 3719 1074 3765 who

578 3799 644 3833 were
673 3784 787 3833 likewise
817 3793 845 3831 to
879 3799 975 3846 pursue
1008 3784 1075 3832 their
