2575 4200
218 248 268 297 256
559 252 727 303 CICERO'S
752 254 926 301 LETTERS.
1005 253 1065 316 [Ep.
1081 254 1256 301 LXXXVIII.

218 415 280 479 tibi
298 417 449 483 videtur.'
494 420 599 482 ‘Mihi
614 440 694 483 vero
711 421 850 484 minime
861 442 869 498 ;
895 430 969 484 tuto
987 421 1076 483 enim
1094 441 1167 483 non
1185 421 1274 485 eris!¹

221 525 330 608 ‘Quid
348 526 375 589 si
392 548 527 608 possem
548 549 632 603 esse,
652 529 844 610 placeretne
857 529 887 591 ?’
920 528 1058 611 “Atque
1076 538 1113 591 ut
1133 530 1258 591 omnino

218 653 327 715 neque
344 655 434 698 nunc
451 656 560 719 neque
579 657 618 699 ex
635 647 792 718 praetura
816 638 848 699 in
875 636 1081 719 provinciam
1099 638 1189 713 ires;
1212 638 1257 699 sed

219 752 337 805 auctor
361 764 428 805 non
454 765 526 807 surn
554 754 590 807 ut
616 754 651 807 te
677 745 750 807 urbi
776 745 988 808 committas’
1040 745 1207 811 Dicebam
1230 766 1259 807 ea

219 870 304 931 quae
328 850 390 913 tibi
416 853 568 933 profecto
594 852 626 913 in
653 864 800 916 mentem
828 854 969 915 veniunt
996 874 1055 916 cur
1082 874 1154 916 non
1182 864 1258 915 esset

188 967 295 1022 ztuto
320 959 462 1023 futurus.
514 961 624 1024 Multo
650 961 727 1023 inde
753 982 907 1023 sermone
928 962 1260 1043 querebantur-at-

221 1087 285 1148 que
311 1068 343 1130 id
368 1069 502 1150 quidem
522 1069 661 1133 Cassius
686 1070 1035 1132 maxime—amissas
1061 1070 1259 1143 occasiones,

220 1176 465 1259 Decimumque
481 1178 627 1259 graviter
643 1179 857 1241 accusabant.
900 1178 974 1259 Ego
992 1178 1160 1259 negabam
1180 1198 1261 1258 opor-

219 1293 291 1346 tere
308 1286 497 1365 praeterita,
516 1286 732 1349 adsentiebar
749 1295 872 1348 tamen.
923 1286 1076 1367 Cumque
1095 1286 1261 1367 ingressus

219 1412 327 1455 essem
357 1394 467 1456 dicere
496 1394 574 1476 quid
603 1395 872 1475 oportuisset-
893 1414 955 1457 nec
984 1414 1063 1456 vero
1089 1394 1260 1475 quicquan

219 1501 306 1575 novi,
333 1503 392 1563 sed
421 1522 460 1564 ea
488 1522 573 1583 quae
601 1503 724 1565 cotidie
754 1522 1002 1565 omnes—nec
1031 1509 1145 1564 tamen
1181 1501 1260 1563 illurn

219 1608 328 1671 locum
369 1610 579 1691 attingerem,
621 1631 820 1692 quemquam
867 1619 1039 1691 praeterea
1078 1611 1261 1691 oportuisse

220 1718 321 1798 tangi,
349 1719 407 1779 sed
434 1727 587 1780 senatum
617 1718 737 1793 vocari,
767 1718 927 1800 populum
954 1719 1126 1781 ardentem
1161 1710 1274 1781 studio*

219 1825 453 1887 vehementius
478 1826 620 1900 incitari,
639 1836 745 1889 totam
771 1827 897 1909 suscipi
922 1848 992 1889 rem
1018 1826 1203 1908 publicam,
1222 1846 1262 1887 ei-

220 1933 340 1996 clamat
365 1943 424 1996 tua
447 1934 645 1997 familiaris:
681 1936 778 1999 ‘Hoc
803 1956 881 1997 vero
911 1935 1077 1997 neminem
1109 1956 1262 2017 umquam

220 2041 351 2105 audivi’
402 2044 475 2125 Ego
493 2043 646 2125 repressi
699 2043 766 2108 Sed
783 2052 816 2106 et
836 2043 973 2107 Cassius
992 2044 1073 2106 mihi
1091 2044 1262 2108 videbatur

220 2217 244 2265 ei
263 2217 315 2265 tibi
332 2217 463 2266 videtur:
492 2218 524 2266 cf.
538 2219 586 2280 Ep.
606 2219 715 2266 LXXV.

220 2298 269 2343 4n.
279 2292 381 2332 —tuto
394 2284 463 2332 eris:
475 2284 508 2330 cf.
520 2285 583 2332 Intr.
591 2284 606 2332 8
610 2298 631 2348 5.
652 2301 675 2332 a.
684 2313 717 2320 —

138 2381 141 2386 -
220 2358 371 2412 atque,yes,
381 2351 477 2406 indeed,
485 2352 541 2398 and
546 2367 557 2406 ;
569 2351 717 2414 frequently

221 2417 284 2465 used
294 2418 320 2464 in
333 2417 517 2465 conversatIon
525 2417 551 2464 ln
564 2417 716 2465 affirmatiVe

220 2499 351 2542 answers3
368 2483 401 2532 cf.
415 2484 497 2530 Plaut.
511 2485 549 2531 M.
565 2485 593 2532 G.
607 2497 654 2547 337
671 2485 716 2530 ΡΑ.

769 2217 832 2282 days
844 2218 979 2280 following
994 2219 1114 2266 Caesar’s
1127 2219 1262 2267 assassini-

768 2286 831 2333 tion.
852 2285 893 2332 Cf.
902 2285 1041 2350 especially
1052 2285 1100 2348 Ep.
1112 2287 1262 2334 LXXXVI.

770 2365 791 2414 3.
827 2352 884 2400 The
905 2352 981 2399 other
999 2353 1184 2414 conspirators
1200 2367 1262 2399 were.

768 2418 896 2475 however,
926 2419 1029 2482 equally
1060 2419 1189 2480 helpless.
1242 2419 1261 2463 In

769 2484 809 2532 his
822 2485 945 2547 province
965 2486 998 2531 D.
1022 2486 1117 2532 Brutus
1140 2485 1198 2533 had
1215 2485 1263 2532 like

220 2553 318 2612 Nempe
325 2557 353 2597 tu
362 2552 418 2597 istic
425 2553 465 2597 ars
475 2567 526 2597 erse
534 2552 621 2598 erilem
631 2566 718 2598 concu-

220 2618 328 2664 binam?
357 2617 400 2664 Sc.
414 2619 497 2679 Atque
507 2633 588 2678 arguo
604 2633 658 2665 eam
678 2633 718 2664 me

220 2685 310 2730 vidisse
329 2686 481 2731 osculantem
503 2684 543 2730 liic
566 2686 636 2730 intus
659 2699 715 2731 cum

219 2751 304 2798 alieno
314 2752 388 2805 vira;
407 2751 466 2797 ibid.
479 2749 527 2813 368
542 2751 592 2797 ΡΗ.
607 2751 665 2798 Tun
678 2767 717 2798 me

220 2817 327 2864 oidiiti?
374 2817 417 2864 SC.
441 2818 525 2878 Atque
547 2817 588 2863 lzir
614 2818 715 2879 quidem

219 2883 302 2930 hercle
314 2885 398 2929 oculis.
407 2890 482 2932 -ut
496 2917 502 2929 .
517 2918 523 2931 .
537 2917 544 2930 .
557 2897 652 2945 neque
667 2917 673 2930 .
688 2917 695 2930 .
709 2918 716 2931 .

220 2964 325 3012 neque:
343 2949 384 2995 for
396 2965 440 2996 ne.
451 2956 539 2997 ..aut.
550 2984 556 2995 .
567 2956 631 2996 aut.
652 2949 718 2996 Hof-

220 3030 301 3063 mann
313 3031 448 3078 compares
461 3016 533 3063 Fam.
547 3030 570 3079 9.
584 3029 606 3062 2.
621 3029 635 3078 3
648 3022 717 3063 ntea

219 3099 284 3145 quae
305 3083 445 3144 agebantur
462 3083 504 3130 iic
524 3098 637 3145 quaeque
656 3083 717 3130 dice·

219 3151 314 3196 bantur
330 3165 374 3196 nec
390 3150 501 3196 viderem
520 3165 564 3196 nec
580 3149 696 3197 audirem
705 3164 717 3206 ,·

220 3218 272 3263 Au.
288 3228 325 3279 15.
341 3229 377 3278 13.
395 3229 403 3262 1
420 3216 550 3264 adsentior
566 3215 613 3263 tibi
628 3221 659 3262 ut
675 3232 718 3262 nec

219 3284 292 3331 duces
303 3284 384 3328 rimus
396 3298 440 3329 nec
450 3298 542 3344 agmen
551 3297 675 3343 cogamus.
685 3310 718 3317 -

221 3364 255 3396 ex
273 3356 425 3412 praetura:
443 3351 480 3396 ie.
499 3355 525 3395 at
544 3348 588 3395 the
606 3348 677 3396 close
690 3347 718 3394 of

219 3416 264 3463 the
276 3431 382 3479 year.-
394 3423 494 3464 auctor
518 3422 549 3463 ut
569 3450 575 3462 .
590 3449 596 3462 .
611 3450 617 3461 .
637 3429 718 3463 eom-

220 3483 319 3530 mittas
331 3500 336 3529 ε
354 3482 397 3529 for
406 3481 518 3528 another
529 3482 717 3537 construction,

220 3563 263 3595 see
277 3550 324 3609 Ep.
339 3548 421 3595 XLV.
435 3561 458 3610 3.

255 3628 277 3661 2.
297 3614 451 3662 Decimum
463 3631 469 3659 ι
485 3613 609 3660 Decimus
622 3614 718 3661 Brutus

220 3679 274 3726 had
290 3679 380 3726 shown
396 3679 501 3726 himself
519 3679 625 3726 without
643 3681 718 3740 plans

221 3743 274 3792 and
287 3745 393 3792 without
412 3761 506 3809 energy
519 3747 543 3791 in
562 3745 605 3793 the
621 3745 718 3794 critIcal

768 2551 830 2600 wise
870 2551 938 2599 been
975 2551 1145 2598 inactive.—
1160 2561 1262 2614 oportu-

769 2617 859 2666 isset:
873 2618 938 2680 fieri
960 2617 981 2665 is
1003 2616 1123 2674 omitted,
1143 2633 1176 2665 as
1202 2617 1261 2665 often

769 2684 830 2731 with
849 2691 950 2746 oportet,
964 2691 1050 2745 potest,
1069 2685 1139 2736 solet.
1154 2693 1218 2741 etc.;
1239 2683 1262 2731 ci.

770 2750 831 2797 BrIx
844 2765 878 2797 on
893 2752 975 2798 Plaut.
993 2751 1018 2798 Τ
1014 2752 1066 2797 rin.
1080 2763 1131 2814 705
1144 2769 1149 2808 ;
1173 2753 1262 2798 Lorenz

769 2832 804 2864 on
817 2818 855 2863 M.
875 2818 973 2880 G·.²S²·
985 2831 1211 2880 —quemquam
1225 2853 1231 2863 .
1243 2851 1262 2862 ..

769 2883 865 2946 tangi:
878 2898 894 2930 a
914 2890 1003 2931 covert
1024 2883 1159 2932 reference
1183 2892 1212 2931 to
1231 2884 1262 2929 the

769 2950 880 2998 mistake
909 2949 936 2996 in
966 2957 1012 2997 not
1035 2949 1132 3012 killing
1156 2952 1262 3011 Antoni.

770 3016 812 3064 Cf.
833 3017 905 3063 Fam.
930 3030 967 3063 12.
988 3030 1011 3075 4.
1033 3029 1041 3062 1
1066 3017 1159 3064 vellem
1188 3017 1263 3064 Idibus

769 3083 877 3132 Martiis
896 3099 935 3130 me
952 3084 1090 3130 adernam
1113 3084 1163 3145 (ie.
1184 3091 1213 3130 to
1230 3083 1262 3128 the

769 3149 874 3197 murder
885 3149 914 3196 of
926 3148 1035 3210 Caesar)
1049 3151 1207 3197 invitasses:
1221 3150 1263 3195 reli-

769 3219 891 3278 quiarum
911 3216 982 3264 nihil
995 3217 1098 3278 fuisset.
1137 3218 1262 3263 Nuncme

769 3283 892 3345 reliquiae
922 3289 1021 3330 vestrae
1048 3291 1176 3330 exercent.
1227 3282 1263 3330 See

769 3349 826 3396 also
850 3351 922 3396 Fam.
950 3362 987 3395 10.
1013 3348 1051 3396 28.
1079 3362 1099 3395 r.
1144 3349 1231 3411 tangi
1249 3349 1262 3393 is

770 3415 940 3476 euphemistic
961 3415 1003 3462 for
1025 3416 1220 3465 occidi-tua
1238 3415 1262 3461 la-

770 3481 908 3530 miliaris:
937 3483 975 3529 ie.
1001 3481 1167 3530 Servilia.-—
1183 3482 1262 3530 nemi·

770 3561 848 3595 nem:
864 3564 896 3594 se.
909 3550 1144 3610 dicentem-ego
1157 3562 1262 3612 repres-

771 3614 796 3661 si
807 3631 813 3660 :
831 3630 862 3660 sc.
873 3630 919 3669 me,
930 3629 960 3661 or
971 3614 1082 3676 perhaps
1091 3614 1158 3661 with
1176 3613 1261 3663 B'oclre‘.

770 3695 834 3741 quae
851 3681 967 3727 dicturus
984 3697 1061 3727 eram.
1109 3681 1194 3729 With
1214 3680 1260 3729 suci

770 3760 786 3792 a
805 3746 900 3809 phrase
919 3747 964 3794 the
980 3746 1110 3794 reference
1129 3748 1227 3796 would
1243 3747 1261 3792 h
