2575 4200
198 233 230 283 10
537 233 706 283 CICERO'S
732 234 908 283 LETTERS.

1120 234 1181 299 [Ep.
1196 236 1264 282 III.

197 410 329 464 veteres
355 402 471 477 hostis,
499 422 603 465 novos
636 401 761 465 amicos
786 401 1005 465 vehementer
1028 401 1151 465 litteris
1177 423 1262 484 per-

165 532 178 565 2
198 508 309 572 culsos
327 518 427 595 atque
445 530 485 573 ex
502 530 623 592 magna
648 529 707 591 spe
732 510 928 572 deturbatos
953 509 1069 575 iacere.
1119 509 1176 573 Ad
1194 532 1269 573 me

197 626 310 681 autem
328 617 458 699 litteras
475 638 557 700 quas
574 616 706 692 misisti,
725 636 925 700 quamquam
950 619 1104 699 exiguam
1122 618 1259 700 signifi-

198 726 364 789 cationem
381 735 459 789 tuae
478 746 556 809 erga
574 746 626 789 me
640 724 824 787 voluntatis
841 725 1020 801 habebant,
1033 736 1147 789 tamen
1165 727 1257 789 mihi

124 868 126 872 ·
199 834 284 897 scito
301 834 462 897 iucundas
483 834 604 909 fuisse;
629 833 721 896 nulla
746 834 834 895 enim
861 854 895 895 re
919 842 988 895 tam
1013 834 1130 896 laetari
1156 835 1256 897 soleo

198 963 297 1023 quam
315 962 463 1005 meorum
482 942 665 1004 officiorum
688 942 904 1015 conscientia,
923 942 1043 1023 quibus
1068 942 1097 1004 si
1114 945 1254 1023 quando

199 1070 267 1112 non
291 1059 407 1112 mutue
432 1050 664 1131 respondetur,
691 1050 779 1131 apud
804 1069 858 1112 me
881 1036 962 1131 'plus
987 1049 1075 1121 offici
1101 1050 1253 1112 residere

99 1151 101 1156 ’
198 1158 356 1221 facillime
384 1159 501 1239 patior.
554 1158 640 1221 Illud
670 1179 738 1220 non
768 1158 895 1233 dubito,
924 1158 1015 1240 quin,
1044 1157 1073 1220 si
1105 1167 1140 1219 te
1174 1179 1253 1221 mea

200 1287 329 1329 summa
349 1287 428 1348 erga
452 1276 487 1329 te
511 1266 622 1330 studia
648 1288 763 1349 parum
788 1266 870 1329 mihi
894 1259 1116 1342 adiunxerint‚
1136 1288 1190 1329 res
1216 1289 1249 1349 p.

167 1390 181 1439 3
199 1395 261 1437 nos
279 1375 366 1437 inter
383 1396 445 1438 nos
465 1375 682 1440 conciliatura
706 1376 992 1457 coniuncturaque
1018 1375 1071 1438 sit.
1123 1374 1186 1450 Ac,
1205 1396 1250 1437 ne

201 1482 335 1563 ignores
359 1484 437 1565 quid
463 1504 525 1567 ego
551 1484 584 1546 in
609 1484 677 1547 tuis
706 1483 830 1546 litteris
855 1483 1083 1558 desiderarinr,
1103 1483 1249 1546 scribam

200 1600 325 1671 aperte,
344 1591 430 1654 sicut
448 1600 481 1653 et
499 1612 573 1653 mea
590 1602 709 1655 natura
726 1600 759 1653 et
781 1601 896 1653 nostra
916 1590 1063 1655 amicitia
1087 1590 1247 1672 postulat.

203 1700 272 1762 Res
286 1719 342 1761 eas
356 1699 456 1780 gessi,
471 1719 609 1781 quarum
623 1699 768 1782 aliquam
786 1699 820 1760 in
837 1699 905 1762 tuis
922 1699 1046 1762 litteris
1060 1709 1094 1761 et
1112 1709 1248 1761 nostrae

201 1806 460 1870 necessitudinis
478 1817 511 1869 et
532 1807 579 1869 rei
596 1829 627 1889 p.
645 1803 747 1871 causa
769 1807 1027 1889 gratulationem
1046 1806 1244 1888 exspectavi,

201 1928 300 1990 quam
333 1928 395 1991 ego
421 1909 481 1971 abs
513 1919 547 1971 te
579 1909 850 1990 praetermissam
880 1929 954 1971 esse
987 1906 1137 1972 arbitror
1160 1908 1246 1991 quod

201 2017 359 2079 verebare
385 2036 427 2079 ne
453 2016 548 2080 cuius
577 2017 726 2079 animum
755 2018 961 2112 offendkeres3
995 2018 1054 2079 sed
1082 2017 1167 2079 scito
1198 2036 1243 2089 ea,

201 2145 286 2207 quae
303 2145 365 2188 nos
381 2146 441 2206 pro
459 2125 566 2188 salute
583 2127 711 2207 patriae
727 2127 904 2211 gessimus,
924 2126 1014 2189 orbis
1040 2135 1151 2188 terrae
1169 2125 1246 2188 iudi-

202 2232 253 2296 cio
270 2253 309 2296 ac
325 2233 520 2296 testimonio
546 2234 762 2315 comprobari,
783 2255 878 2316 quae,
898 2255 977 2298 curn·
991 2235 1133 2309 veneris,
1152 2242 1244 2295 tanto

203 2340 341 2404 consilio
360 2350 522 2424 tantaque
547 2341 649 2404 animi
674 2342 906 2423 magnitudine
931 2361 950 2404 a
974 2361 1028 2404 me
1052 2351 1150 2423 gesta
1174 2359 1245 2403 esse

203 2469 395 2531 cognosces,
416 2448 549 2524 uttibi‚
567 2450 673 2513 multo
699 2450 814 2512 maiori
839 2471 936 2532 quam
963 2449 1148 2515 Africanus
1171 2449 1242 2521 fuit,

201 2613 316 2655 veteres
337 2606 440 2665 hostis,
459 2621 551 2656 novos
572 2608 697 2656 amicos:

203 2673 247 2721 the
259 2672 414 2729 democrats,
424 2673 558 2737 probably,
569 2681 597 2722 to
609 2675 698 2722 whose

202 2746 312 2802 support
325 2741 440 2804 Pompey
452 2740 526 2788 owed
540 2740 580 2788 his
592 2749 698 2802 present

202 2805 325 2868 position.
368 2805 497 2871 Probably
520 2807 565 2854 the
587 2807 699 2872 friendly

203 2879 265 2938 tone
288 2872 316 2920 of
342 2873 479 2937 Pompey's
502 2874 578 2922 letter
601 2882 629 2922 to
653 2873 698 2922 the

202 2946 292 2987 senate
304 2938 380 2988 made
395 2940 465 2988 thern
477 2940 533 2988 fear
544 2956 577 2988 an
590 2941 698 2989 alliance

203 3004 319 3054 between
340 3007 454 3071 Pompey
471 3007 523 3054 and
543 3006 600 3055 that
621 3007 697 3071 body.

202 3072 346 3130 -iacere‚
359 3090 404 3121 are
415 3075 603 3122 wemdelmed.

237 3152 260 3186 2.
278 3153 344 3187 mea
364 3174 371 3187 .
392 3175 399 3188 .
420 3175 426 3188 .
449 3140 560 3189 studia:
585 3141 700 3190 Cicero's

204 3204 294 3254 efforts
312 3205 339 3253 in
356 3205 445 3255 behalf
462 3205 491 3254 of
512 3206 556 3255 the
575 3208 700 3255 Manilian

203 3273 259 3328 law,
272 3271 313 3320 his
325 3272 456 3337 advocacy
466 3273 495 3321 of
507 3288 523 3320 a
533 3281 634 3320 senatus
646 3290 700 3322 con-

203 3340 298 3387 sultum
321 3337 457 3401 decreeing
477 3355 493 3387 a
516 3339 701 3402 thanksgiving

205 3405 233 3452 of
249 3419 279 3453 10
293 3404 356 3470 days
372 3405 398 3453 in
416 3405 502 3453 honor
517 3405 546 3453 of
564 3406 701 3470 Pompey’s

204 3471 324 3520 victories
348 3471 373 3519 in
397 3472 442 3520 the
466 3472 530 3520 East
556 3472 598 3534 (cf.
622 3475 701 3520 Prov.

207 3539 278 3586 Cons.
294 3538 344 3601 27),
358 3553 386 3586 as
399 3538 455 3586 well
472 3553 501 3586 as
513 3538 617 3587 various
634 3554 701 3587 com·

204 3604 358 3668 plimentary
377 3603 463 3666 public
484 3612 638 3662 utterances,
657 3621 701 3668 ag.

207 3672 260 3718 Cat.
273 3685 296 3729 4.
311 3684 349 3717 21.
510 3711 513 3724 ,

239 3749 261 3799 3.
280 3736 309 3785 in
331 3737 389 3785 tuis
408 3736 525 3786 litteris:
550 3738 594 3786 the
614 3739 702 3786 clause

749 2622 785 2656 ne
805 2644 811 2656 .
831 2644 838 2657 .
857 2644 864 2657 .
884 2609 1049 2657 offenderes
1076 2608 1164 2657 shows
1189 2607 1242 2654 that
1268 2634 1269 2671 j

750 2675 842 2724 Cicero
852 2675 874 2722 is
884 2675 1007 2737 referring
1016 2683 1043 2723 to
1055 2675 1192 2739 Pompey's
1201 2675 1241 2720 let·
1253 2720 1257 2727 ,

750 2749 788 2789 ter
806 2749 834 2790 to
852 2742 897 2790 the
917 2750 1007 2790 senate
1028 2741 1239 2804 (trecken-ne
1268 2772 1269 2791 i

751 2843 758 2856 .
772 2843 779 2856 .
793 2843 800 2856 .
812 2809 995 2856 offenderes:
1013 2808 1090 2856 those
1106 2807 1164 2856 who
1181 2821 1241 2870 sym·

749 2874 871 2937 pathized
880 2875 940 2922 with
951 2875 996 2923 the
1008 2874 1177 2922 Catilinarian
1189 2887 1242 2920 con-

750 2941 882 3004 spirators‚
900 2942 976 2989 those
994 2942 1053 2988 who
1071 2957 1106 2989 on
1125 2939 1240 2989 constitu·
1268 2956 1270 2989 r

751 3008 831 3056 tional
844 3007 960 3070 grounds
977 3006 1095 3070 opposed
1114 3007 1179 3055 their
1190 3020 1240 3053 exe

751 3074 847 3131 cuti0n‚
860 3075 904 3122 the
922 3074 1071 3123 democrats
1087 3073 1115 3121 in
1133 3071 1237 3136 general.

751 3140 803 3188 and
814 3141 928 3189 Cicero’s
938 3141 1052 3189 enemies
1060 3141 1087 3188 in
1099 3139 1238 3202 particular.

751 3207 838 3255 would
856 3207 922 3256 have
934 3208 967 3255 all
986 3207 1065 3254 talren
1084 3207 1206 3267 umbrage
1221 3201 1238 3249 if

753 3275 869 3338 Pompey
892 3273 944 3322 had
976 3273 1110 3336 approved
1133 3270 1239 3320 Cicero's

751 3355 844 3388 course
856 3341 882 3388 in
898 3340 931 3403 63
944 3339 1120 3388 rao—orbis
1138 3346 1238 3387 terrae:

753 3406 796 3454 the
809 3407 891 3454 entire
903 3405 992 3463 world,
1004 3406 1079 3453 while
1091 3407 1158 3453 orbis
1169 3413 1237 3452 terra·
1268 3404 1269 3409 ’

752 3489 811 3520 rum
830 3472 956 3521 indicates
975 3471 1019 3520 the
1038 3473 1141 3520 Roman
1159 3467 1236 3518 world.
1268 3510 1269 3525 ,

752 3539 810 3587 The
822 3539 916 3601 phrase
927 3537 1064 3602 employed
1074 3539 1135 3587 here
1143 3538 1166 3585 is
1177 3533 1237 3585 used,
1268 3580 1270 3607 Ι

753 3606 890 3661 therefore,
909 3614 937 3653 to
956 3613 1111 3667 exaggerate
1134 3601 1237 3652 Cicero's
1268 3612 1269 3663 1

752 3672 868 3719 fame—
877 3672 1051 3720 Africanus.
1064 3709 1070 3720 .
1083 3707 1089 3718 .
1102 3671 1236 3718 Laelium:
1268 3670 1269 3701 ἓ

754 3738 851 3785 Bdckel
869 3746 972 3801 quotes,
990 3739 1016 3786 in
1037 3738 1199 3802 explanation
1215 3729 1236 3780 ol
1268 3742 1269 3787 l
