2575 4200
28 261 96 308 Fam.
109 275 133 309 2.
148 261 203 326 rr.]
372 263 539 312 CICERO’S
564 263 737 313 LETTERS.
1030 262 1077 315 141

338 479 505 544 XXXVI.
535 480 637 565 (Fam.
659 498 689 544 2.
712 481 776 564 11.)

80 653 118 700 Μ.
137 653 284 702 CICERO
308 653 383 700 IMP.
403 653 429 702 S.
448 654 482 701 D.
501 653 538 702 M.
556 653 697 702 CAELIO
721 655 853 704 AEDILI
878 655 1025 704 CVRVLI.

73 786 263 849 Putaresne
295 807 453 869 umquam
485 787 638 850 accidere
670 807 770 869 posse
801 796 838 849 ut
872 787 953 850 mihi
977 790 1108 856 verba1

29 893 200 969 deessent,
227 914 337 976 neque
362 895 470 957 solum
499 894 564 957 ista
587 903 701 957 vestra
732 887 884 969 oratoria,
912 896 971 958 sed
997 896 1078 959 haec

31 1002 127 1063 etiarn
158 992 250 1064 levia
277 1001 465 1065 nostratia?
514 1003 649 1065 Desunt
678 1012 791 1065 autem
823 1013 961 1085 propter
993 1003 1078 1066 hanc

31 1129 176 1184 causam,
197 1111 285 1192 quod
309 1110 448 1173 mirifice
473 1131 547 1173 sum
573 1110 737 1174 sollicitus
757 1111 915 1200 quidnam
942 1113 983 1173 de
1007 1132 1079 1194 pro-

32 1217 148 1280 vinciis
166 1217 376 1280 decernatur.
428 1217 553 1281 Mirum
574 1238 627 1280 me
644 1218 846 1281 desiderium
864 1229 958 1281 tenet
975 1219 1077 1294 urbis,

34 1324 230 1388 incredibile
247 1345 395 1388 meorum
413 1335 514 1408 atque
533 1327 566 1388 in
583 1326 699 1408 primis
724 1325 783 1400 tui,
804 1327 941 1389 satietas
966 1337 1079 1389 autem

34 1433 234 1511 provinciae,
253 1433 305 1495 vel
329 1434 407 1515 quia
422 1434 574 1496 videmur
598 1455 671 1496 eam
696 1434 819 1497 lamam
845 1435 1018 1498 consecuti
1042 1445 1079 1497 ut
1160 1517 1162 1522 Ι

35 1561 99 1602 non
127 1549 199 1604 tam
228 1542 376 1605 accessio
401 1543 591 1624 quaerenda
614 1563 714 1624 quarn
739 1543 876 1604 fortuna
900 1545 1081 1606 metuenda

36 1648 85 1723 sit,
103 1650 157 1712 vel
183 1650 262 1730 quia
285 1658 395 1713 totum
420 1650 593 1732 negotium
618 1671 686 1712 non
712 1660 763 1712 est
789 1651 927 1732 dignum
953 1651 1079 1714 viribus

37 1757 168 1833 nostris,
197 1758 254 1840 qui
282 1758 406 1820 maiora
433 1779 535 1820 onera
563 1758 597 1819 in
625 1778 661 1820 re
689 1758 822 1840 publica
851 1759 1017 1821 sustinere
1046 1768 1080 1820 et

37 1865 159 1943 possim
177 1874 211 1928 et
229 1865 370 1940 soleam,
381 1866 434 1928 vel
450 1867 528 1947 quia
544 1865 623 1928 belli
645 1866 759 1948 magni
776 1867 876 1928 timor
899 1866 1078 1947 impendet,

39 1975 121 2052 quod
137 1974 290 2037 videmur
312 1974 462 2055 effugere
487 1974 515 2036 si
538 1974 580 2036 ad
604 1975 824 2037 constitutam
841 1975 928 2036 diem
945 1974 1081 2037 decede·
1117 1971 1127 1982 “

40 2100 115 2144 mus.
168 2083 222 2145 De
247 2082 428 2164 pantheris,
452 2103 511 2164 per
536 2102 593 2145 eos
618 2082 675 2164 qui
698 2082 811 2145 venari
837 2081 946 2145 solent
970 2081 1114 2164 agitare

72 2223 203 2271 XXXVI.
225 2223 325 2280 Cilicia,
335 2224 398 2285 Apr.
408 2238 432 2283 4,
444 2235 474 2287 50
485 2235 534 2271 uc.
578 2223 631 2286 fiee
641 2225 729 2284 capior
733 2224 844 2286 facetiis,
857 2224 970 2271 maxime
987 2229 1083 2271 nostra-

44 2286 114 2337 Since
136 2290 185 2351 Ep.
205 2290 341 2337 XXXIII.
363 2304 415 2337 was
434 2289 536 2337 written
586 2291 658 2346 tibus,
669 2290 716 2351 Ep.
729 2290 839 2337 LXVII.
851 2290 912 2347 23in
925 2290 995 2337 Tusc.
1006 2290 1081 2351 Disp.

45 2354 144 2404 Caelius
167 2356 216 2404 has
239 2356 305 2404 been
329 2355 428 2404 elected
448 2356 536 2405 curule
589 2369 609 2420 5.
623 2355 841 2418 90,speakIngoi
855 2356 957 2403 Roman
969 2355 1083 2417 philoso-

44 2420 121 2469 aedile
134 2422 178 2483 (cf.
191 2423 278 2474 aedili
294 2422 406 2486 curuli),
419 2421 470 2470 and
487 2422 536 2470 has
586 2422 664 2484 phers
685 2437 713 2469 as
736 2421 855 2485 opposed
878 2430 906 2469 to
935 2422 1028 2477 Greek,
1050 2421 1083 2469 he

44 2488 145 2536 entered
155 2504 191 2537 on
204 2488 249 2537 the
259 2488 344 2537 duties
356 2488 385 2535 oi
397 2488 441 2537 the
453 2488 535 2537 office.
586 2489 650 2537 calls
663 2488 707 2536 the
724 2488 822 2536 former
840 2494 963 2535 nostrates
974 2489 1083 2549 philoso-

76 2568 95 2600 1.
118 2563 150 2604 ut
165 2556 247 2613 mihi,
259 2563 326 2603 etc:
344 2555 376 2603 cf.
388 2557 462 2603 Fam.
475 2570 498 2614 4.
510 2569 534 2614 4.
580 2556 637 2616 phi.
676 2555 733 2603 The
756 2570 866 2618 passage
888 2555 911 2602 is
934 2555 1082 2615 important,

47 2620 536 2684 1quem(i.e.me)tudiaitzasorotionis
586 2637 615 2669 as
637 2621 780 2683 indIcatIng
802 2621 859 2669 that
883 2620 975 2670 Cicero
996 2636 1082 2683 recog-

45 2685 128 2734 habere
139 2690 210 2746 di'cis,
221 2705 262 2735 me
279 2704 330 2735 non
341 2704 392 2735 esse
401 2689 534 2735 verborum
586 2687 661 2735 nized
673 2688 717 2735 the
730 2688 860 2735 existence
871 2687 900 2734 of
917 2702 933 2734 a
944 2687 1083 2750 colloquial

45 2754 175 2802 admodum
201 2757 299 2816 inopem
322 2755 535 2817 agnosca—Ista
588 2754 664 2802 Latin
683 2754 716 2818 by
729 2753 773 2802 the
791 2752 848 2801 side
864 2753 895 2801 oi
910 2769 926 2802 a
944 2768 1016 2801 more
1034 2753 1084 2801 Ior-

45 2828 135 2869 vestra
158 2822 293 2879 oratoria,
314 2822 346 2884 of
363 2837 416 2883 you
439 2827 537 2868 oratore
587 2822 639 2869 mal
657 2821 792 2883 language.
828 2820 870 2867 Cf.
885 2821 941 2867 also
961 2820 1024 2867 Intr.
1043 2834 1082 2880 71.

44 2886 146 2934 tierein
158 2890 245 2935 Rome.
278 2887 405 2936 Caelius’s
417 2887 536 2949 strength
586 2887 817 2935 -decernaturz
837 2887 929 2935 Cicero
944 2886 1014 2935 fears
1027 2887 1083 2934 that

45 2954 200 3017 asalawyer
211 2954 344 3018 layiuhis
355 2954 416 3002 skill
428 2955 453 3001 in
466 2969 537 3016 pros·
588 2954 628 3001 his
652 2963 717 3000 term
741 2953 769 2999 of
792 2954 866 3001 office
890 2968 950 3016 may
972 2952 1005 3000 be
1027 2967 1084 3015 pro-

45 3019 157 3078 ecution3
176 3019 209 3069 cf.
229 3020 320 3079 Quint.
339 3020 361 3068 6.
380 3034 402 3084 3.
419 3019 457 3082 69·
469 3021 535 3068 idem
587 3020 916 3081 longed.7-desiderium
935 3020 1032 3067 urbis:
1051 3020 1083 3066 ct.

47 3083 155 3150 (Cicero)
175 3094 227 3149 per
250 3088 399 3149 allegoriam
418 3088 456 3134 M.
479 3089 537 3135 Cae·
587 3088 611 3133 si
627 3093 704 3147 potes,
723 3093 779 3142 etc,
799 3087 846 3148 Ep.
869 3086 959 3133 XVII.
984 3100 997 3132 2
1017 3101 1085 3132 n.-

46 3151 112 3206 lium,
135 3155 230 3201 melius
257 3154 399 3200 obicientem
424 3155 536 3201 crimino
588 3154 714 3201 fortuna:
732 3146 769 3199 ie.
783 3152 910 3214 achange
926 3152 954 3198 oi
970 3152 1083 3201 fortune.

46 3232 116 3277 quam
145 3220 328 3283 defendentem,
357 3220 447 3267 bonam
478 3221 537 3267 dex·
587 3219 706 3267 -belli:
724 3236 755 3266 sc.
769 3219 829 3267 with
843 3218 887 3267 the
901 3218 1044 3266 Parthians.

48 3289 116 3341 tram,
128 3288 225 3333 malam
245 3287 379 3334 sinistram
399 3287 489 3335 habere
500 3287 537 3333 di·
622 3300 644 3333 2.
655 3286 813 3348 pantherIs,
822 3293 881 3333 ete:
892 3284 1085 3347 Cicero’sreply

47 3350 237 3401 cedat-levia
250 3352 409 3400 nostratia:
428 3352 492 3401 used
508 3352 537 3399 of
587 3360 616 3400 to
623 3352 668 3400 the
676 3360 768 3413 urgent
776 3351 828 3399 and
837 3350 958 3413 repeated
966 3358 1084 3412 requests

47 3414 87 3462 the
105 3416 251 3479 discussion
270 3418 300 3465 of
322 3418 434 3466 familiar
453 3419 537 3481 topics
588 3419 616 3466 of
646 3418 758 3475 Caelius,
780 3418 884 3481 gravely
913 3416 1030 3465 couched
1058 3416 1084 3463 in
1135 3424 1138 3431 ’

48 3479 71 3526 in
78 3481 185 3532 familiar
194 3485 332 3547 language,
338 3484 391 3533 and
400 3485 538 3549 especially
588 3485 682 3533 official
693 3485 828 3547 language,
840 3499 868 3531 as
884 3483 905 3530 if
922 3484 967 3531 the
979 3490 1084 3545 capture

49 3546 74 3593 ol
94 3549 137 3599 the
157 3567 242 3599 sermo
264 3553 412 3600 candianus.
463 3552 536 3600 Thus
588 3551 617 3599 of
640 3552 715 3599 these
735 3551 859 3613 panthers
882 3549 934 3597 had
952 3549 1017 3596 been
1041 3548 1085 3596 the

49 3612 141 3673 Cicero,
149 3616 226 3665 while
235 3617 400 3679 recognizing
409 3618 453 3666 the
461 3619 537 3666 value
588 3625 658 3666 most
670 3618 769 3666 serious
782 3616 870 3680 object
883 3616 912 3663 of
929 3615 969 3663 his
984 3615 1086 3677 provin-

51 3679 76 3725 οἱ
91 3681 174 3732 Greek
186 3684 298 3740 culture,
310 3682 383 3740 adde,
394 3700 436 3746 ego
452 3691 536 3732 autem
588 3684 637 3732 cial
650 3682 867 3732 administration.
895 3682 935 3729 Cf.
946 3682 1001 3729 also
1017 3682 1087 3729 Octa-

51 3751 207 3799 —existienes
224 3751 284 3798 licet
299 3752 457 3813 quidlibet—
465 3752 539 3799 miri·
588 3751 636 3807 aio,
656 3751 703 3812 Ep.
726 3749 839 3796 XXXV.
859 3760 886 3793 21
908 3763 932 3794 n.
945 3775 978 3781 —
990 3747 1085 3809 agitur
