2575 4200
19 195 190 262 Fam.15.4.]
354 162 521 244 crcuxo’s
546 196 721 244 LETTERS.
1018 195 1067 250 127

19 364 188 428 Amanum
218 373 252 427 et
281 373 480 446 perpetuum
506 364 639 425 hostem
665 383 769 427 exeo
794 373 909 427 monte
938 364 1065 442 tollere,

19 494 116 554 agere
147 473 288 555 perrexi.
346 472 499 554 Cumque
527 493 582 534 me
610 472 784 535 discedere
812 474 854 536 ab
883 494 922 536 eo
951 485 1065 539 monte

19 581 228 651 simulassem
250 591 283 643 et
309 580 389 643 alias
414 579 518 663 partis
544 579 683 643 Ciliciae
702 589 827 662 petere,
845 583 1065 666 abessemque

19 691 63 751 ab
79 689 211 752 Amano
231 690 297 751 iter
319 688 418 751 unius
440 688 506 752 diei
529 698 563 750 et
586 698 697 752 castra
721 690 808 771 apud
834 690 1064 772 Epiphaneam

19 784 183 873 iecissem,
202 819 231 861 a.
250 799 281 861 d.
300 816 352 859 1111
372 796 420 860 Id.
440 796 529 871 Oct,
548 788 624 860 cum
649 798 952 879 advesperasceret,
971 820 1066 882 expe-

19 906 89 968 dito
113 907 261 970 exercitu
286 905 333 968 ita
357 914 459 968 noctu
484 904 549 969 iter
573 905 640 968 feci
665 915 701 968 ut
727 927 754 969 a.
777 907 808 970 d.
836 926 874 968 111
900 907 948 971 Id.
976 907 1064 984 Oct,

19 1036 94 1077 cum
110 1015 297 1089 lucisceret,
316 1014 351 1076 in
368 1014 541 1076 Amanum
563 1015 791 1089 ascenderem,
810 1015 1067 1098 distributisque

19 1123 212 1186 cohortibus
229 1131 263 1185 et
283 1121 424 1196 auxiliis,
444 1142 521 1184 cum
546 1122 620 1184 aliis
648 1121 798 1204 Quintus
814 1123 918 1186 frater
934 1123 1065 1206 legatus

19 1245 148 1286 mecum
173 1224 283 1298 simul,
307 1222 381 1286 aliis
408 1222 445 1287 C.
469 1223 667 1305 Pomptinus
691 1223 834 1305 legatus,
859 1225 995 1308 reliquis
1017 1228 1064 1291 M.

19 1332 173 1394 Anneius
206 1342 239 1394 et
274 1333 313 1396 L.
347 1331 478 1394 Tullius
511 1332 614 1413 legati
646 1342 853 1413 praeessent,
888 1333 1065 1416 plerosque

19 1439 251 1521 necopinantis
287 1440 526 1523 oppressimus,
560 1440 617 1522 qui
650 1440 752 1503 occisi
785 1441 941 1523 captique
975 1453 1063 1518 sunt,

19 1547 190 1612 interclusi
221 1549 311 1631 fuga.
372 1549 518 1611 Eranam
546 1558 669 1623 autem,
698 1569 784 1631 quae
811 1550 877 1612 fuit
906 1571 973 1613 non
1001 1551 1066 1614 vici

20 1657 132 1732 instar,
163 1658 223 1720 sed
257 1657 358 1732 urbis,
392 1658 481 1739 quod
514 1667 584 1719 erat
615 1657 741 1719 Amani
774 1666 882 1739 caput,
918 1659 1065 1742 itemque

20 1764 180 1849 Sepyram
206 1776 240 1828 et
266 1765 482 1840 Commorim,
508 1765 630 1828 aeriter
655 1775 687 1828 et
713 1765 770 1828 diu
799 1768 1064 1849 repugnantibus

21 1874 196 1956 Pomptino
220 1875 309 1936 illam
334 1883 464 1955 partem
490 1861 615 1936 Amani
640 1874 781 1949 tenenti,
801 1894 841 1936 ex
865 1874 1065 1939 antelucano

20 1992 168 2064 tempore
198 2003 304 2065 usque
329 1983 370 2044 ad
398 1983 514 2044 horam
543 1982 609 2044 diei
637 2001 669 2057 x,
697 2003 818 2065 magna
850 1983 1065 2047 multitudine

20 2091 165 2155 hostium
182 2092 294 2156 occisa
316 2091 476 2174 cepimus,
495 2090 699 2173 castellaque
720 2091 752 2153 vi
774 2102 872 2173 capta
894 2093 1065 2175 complura

20 2200 237 2263 incendimus
288 2200 354 2263 His
376 2201 477 2263 rebus
500 2200 548 2261 ita
571 2200 678 2281 gestis
703 2208 813 2262 castra
838 2200 871 2262 in
896 2202 1098 2276 radicibus9

21 2308 142 2372 Amani
165 2308 342 2371 habuimus
366 2309 454 2390 apud
472 2308 560 2370 Aras
578 2306 762 2370 Alexandri
779 2309 1010 2390 quadriduum,
1030 2320 1062 2373 et

21 2416 53 2478 in
77 2418 225 2499 reliquiis
252 2416 379 2479 Amani
406 2416 564 2479 delendis
587 2416 744 2498 agrisque
772 2417 953 2492 vastandis,
979 2439 1064 2500 quae

20 2545 92 2605 pars
108 2526 181 2588 eius
199 2525 323 2588 montis
340 2544 435 2587 meae
452 2524 645 2605 provinciae
668 2534 730 2599 est,
750 2524 783 2586 id
804 2533 939 2607 tempus
963 2546 1063 2589 omne

20 2634 297 2716 consumpsimus.
349 2631 524 2695 Confectis
543 2632 596 2694 his
613 2633 714 2694 rebus
731 2633 771 2694 ad
789 2634 947 2713 oppidum
967 2635 1063 2696 Eleu·
1085 2662 1112 2696 ιο

20 2741 247 2805 therocilicum
267 2741 501 2804 Pindenissum
522 2740 704 2803 exercitum
726 2740 857 2815 adduxi,
876 2742 963 2823 quod
987 2764 1061 2806 cum

20 2862 104 2913 esset
118 2849 283 2913 altissimo
298 2858 331 2912 et
345 2848 571 2912 munitissimo
585 2849 668 2923 loc0,
683 2850 724 2912 ab
739 2848 844 2929 iisque
862 2849 1065 2913 incoleretur

20 2959 70 3037 qui
98 2978 142 3021 ne
172 2958 309 3040 regibus
342 2958 476 3040 quidem
506 2978 664 3038 umquam
692 2956 892 3038 paruissent,
923 2979 999 3021 cum
1028 2969 1061 3021 et

20 3064 176 3148 fugitivos
200 3066 389 3147 reciperent
415 3074 448 3128 et
473 3065 670 3128 Parthorum
696 3066 876 3127 adventum
902 3066 1062 3130 acerrime

21 3185 259 3257 exspectarent,
277 3174 319 3237 ad
344 3174 627 3237 existimationem
650 3173 768 3255 imperi
787 3174 957 3255 pertinere
979 3175 1062 3237 arbi-

47 3314 67 3362 8.
79 3316 159 3379 apud
173 3316 389 3379 Epiphaneam:
401 3313 433 3363 cf.
442 3315 516 3376 apud
564 3315 651 3363 Baiter
663 3314 714 3363 and
728 3314 890 3377 Wesenberg
900 3314 988 3363 would
1000 3315 1062 3365 read

20 3381 138 3440 Iconium,
152 3396 167 3429 z
179 3398 248 3429 n.-
261 3382 386 3443 Quintus
402 3416 408 3429 .
425 3416 431 3428 .
448 3416 455 3429 .
470 3380 512 3428 le·
563 3389 732 3444 repugnantes
745 3397 775 3429 or
786 3382 867 3430 insert
878 3382 994 3429 hostibus.

20 3449 82 3508 gari:
101 3450 203 3513 usually
213 3448 286 3496 there
295 3464 347 3496 was
357 3463 407 3496 one
416 3449 513 3510 legatus
596 3462 620 3510 9.
640 3449 715 3495 Aras
729 3449 903 3497 Alexandri:
925 3449 969 3497 the
987 3450 1061 3513 place

21 3520 44 3559 to
59 3530 73 3562 a
88 3516 187 3579 legion,
202 3515 250 3562 but
269 3515 362 3564 Cicero
380 3513 432 3562 had
452 3514 513 3562 four
564 3514 629 3562 took
654 3515 687 3562 its
713 3530 789 3563 name
817 3516 886 3563 from
916 3516 960 3563 the
988 3516 1061 3564 three

20 3578 55 3627 ior
65 3582 104 3631 his
118 3591 173 3631 two
187 3582 513 3644 legions—repugnari·
563 3580 643 3629 altars
662 3580 744 3629 which
764 3581 915 3629 Alexander
932 3581 985 3629 had
1003 3598 1061 3630 con·

20 3647 97 3698 tibus:
121 3666 156 3697 sc.
178 3649 218 3696 iis.
259 3647 317 3695 The
338 3648 463 3695 omission
484 3646 513 3694 of
562 3646 681 3695 secrated
698 3655 724 3694 to
741 3648 847 3710 Jupiter,
862 3648 997 3706 Hercules,
1010 3648 1061 3697 and

22 3712 57 3760 the
73 3716 178 3779 subject
191 3715 258 3763 isso
276 3713 437 3762 remarkable
455 3714 511 3761 that
564 3714 692 3773 Minerva;
712 3713 744 3761 cf.
759 3714 791 3775 Q.
804 3715 876 3762 Curt.
886 3728 909 3779 3.
920 3728 961 3779 33.
