2575 4200
209 235 258 286 148
549 232 718 282 CICERO’S
745 231 918 280 LETTERS.
1129 228 1183 292 [Ep.
1194 228 1231 274 lll.

208 401 290 484 quin
307 401 396 464 idem
412 410 448 464 te
464 409 564 474 amet,
584 409 617 462 et
634 419 711 462 cum
732 408 790 460 tua
806 407 841 460 et
858 417 932 460 mea
949 398 1095 459 maxime
1119 396 1232 458 interest

209 520 244 573 te
267 510 387 584 valere,
413 519 486 571 tum
516 508 629 571 multis
659 517 711 570 est
743 526 851 570 curae.
902 504 1035 579 Adhuc,
1066 505 1146 567 dum
1174 501 1233 564 mihi

210 619 301 682 nullo
317 619 391 681 loco
408 618 528 680 deesse
544 616 605 692 vis,
624 635 806 697 numquam
824 624 859 677 te
881 614 1080 678 confirmare
1106 609 1234 694 potuisti

210 747 301 791 nunc
326 736 361 789 te
389 724 474 788 nihil
500 723 666 806 impedit;
696 722 808 786 omnia
831 723 971 803 depone,
999 721 1142 813 corpori!
1161 717 1234 781 servi.
1267 746 1268 804 j

212 835 383 917 Quantam
407 833 615 916 diligentiam
640 833 675 894 in
696 830 920 894 valetudinem
947 839 1039 892 tuam
1065 825 1235 898 contuleris,
1267 883 1268 912 ἔ

211 943 298 1005 tanti
315 963 369 1006 me
385 942 458 1006 fieri
478 963 498 1005 a
521 952 557 1005 te
580 941 743 1004 iudicab0.
794 939 888 1012 Vale,
908 939 953 1000 mi
978 937 1068 1012 Tiro,
1087 937 1166 1010 vale,
1183 933 1237 996 vale
1267 983 1268 1020 p

212 1060 245 1113 et
270 1051 368 1114 salve.
427 1050 538 1131 Lepta
561 1048 625 1113 tibi
653 1047 795 1112 salutem
820 1046 902 1110 dicit
927 1055 961 1108 et
986 1064 1115 1108 omnes.
1163 1041 1237 1105 Vale.

212 1159 328 1222 v111d.
348 1159 434 1222 Nov.
454 1158 622 1222 Leucade.

560 1465 635 1530 xr..
672 1465 776 1551 (Fam.
800 1465 849 1528 16.
867 1465 915 1548 6.)

302 1657 460 1706 TVLLIVS
484 1657 533 1704 ET
556 1655 695 1704 CICERO
720 1656 766 1703 ET
791 1655 851 1716 QQ.
876 1655 1010 1704 TIRONI
1036 1654 1062 1703 S.
1088 1655 1115 1702 P.
1139 1655 1171 1702 D.

183 1844 192 1877 1
263 1808 413 1871 Tertiam
442 1808 483 1871 ad
512 1817 546 1869 te
575 1808 661 1870 hanc
694 1806 871 1888 epistulam
901 1805 1019 1887 scripsi
1047 1807 1163 1869 eodem
1189 1802 1239 1874 die,

213 1917 319 1998 magis
344 1915 492 1978 instituti
518 1916 582 1978 mei
615 1915 755 1977 tenendi
788 1935 897 1988 causa,
923 1914 1001 1998 quia
1025 1923 1144 1977 nactus
1168 1929 1241 1974 eran

214 2026 268 2089 eui
284 2026 408 2099 darem,
426 2045 524 2107 quam
542 2044 607 2106 quo
632 2024 789 2086 haberem
807 2022 887 2105 quid
912 2017 1102 2086 scriberem.
1148 2010 1243 2103 ¹igitur

214 2134 285 2197 illa:
306 2142 469 2216 quantum
496 2153 549 2195 me
571 2132 692 2213 diligis,
711 2140 842 2194 tantum
868 2131 989 2193 adhibe
1013 2131 1048 2193 in
1073 2140 1108 2193 te
1123 2131 1243 2211 diligen·

214 2242 296 2318 tiae;
321 2243 362 2304 ad
379 2251 438 2303 tua
455 2240 711 2303 innumerabilia
727 2241 761 2301 in
779 2260 833 2302 me
849 2239 958 2302 officia
974 2240 1058 2302 adde
1081 2240 1152 2313 hoc,
1170 2235 1242 2320 quod

215 2350 296 2413 mihi
313 2350 375 2411 erit
393 2349 620 2430 gratissimum
640 2349 798 2410 omnium.
844 2347 929 2410 Cum
947 2348 1147 2410 valetudinis
1164 2345 1244 2409 ratio-

182 2485 197 2519 2
216 2479 302 2531 nem,
318 2467 355 2519 ut
379 2477 485 2537 spero,
505 2456 670 2530 habueris
690 2457 812 2519 habeto
830 2456 929 2518 etiarn
948 2456 1177 2537 navigationis.
1215 2453 1244 2513 ln

216 2566 347 2628 Italiam
365 2564 525 2627 euntibus
542 2563 698 2627 omnibus
722 2565 763 2626 ad
788 2581 842 2626 me
866 2564 996 2627 litteras
1014 2563 1118 2638 dabis,
1137 2573 1173 2626 ut
1196 2579 1244 2641 ego

216 2683 352 2737 euntem
371 2674 486 2735 Patras
499 2673 668 2734 neminem
686 2672 926 2753 praetermitto,
955 2672 1052 2746 Cura,
1068 2681 1199 2744 curate,
1213 2666 1246 2729 mi

216 2782 306 2844 Tiro.
357 2780 524 2863 Quoniam
542 2800 610 2842 non
627 2781 771 2862 contigit
789 2789 826 2842 ut
852 2780 951 2843 simul
976 2780 1160 2862 navigares
1179 2774 1245 2841 nihil

217 2899 268 2951 est
293 2890 382 2971 quod
405 2889 558 2982 lestines
580 2908 643 2952 nec
669 2889 845 2970 quicquam
870 2908 966 2951 cures
991 2888 1057 2950 nisi
1081 2898 1118 2950 ut
1143 2888 1245 2949 valeas.

219 2997 330 3060 Etiam
347 3006 448 3079 atque
465 2998 565 3059 etiam
582 2998 665 3059 vale.
717 3016 765 3058 vu
784 2997 863 3058 ldus
882 2998 914 3058 N
917 3016 968 3059 ov.
988 2994 1090 3058 Actio
1107 2992 1234 3077 vesperi.

217 3150 338 3199 -nullo
360 3151 440 3198 loco:
464 3150 506 3198 for
527 3152 603 3198 nulla
626 3152 656 3197 in
680 3164 714 3198 re.
802 3162 822 3195 1.
841 3149 972 3197 tertiam:
990 3148 1034 3196 the
1048 3149 1124 3197 other
1136 3157 1185 3197 two
1196 3157 1247 3193 were

218 3218 259 3265 Cf.
272 3218 388 3264 omnibus
404 3218 471 3272 locri,
489 3218 537 3278 Ep.
551 3217 638 3265 XLII.
655 3230 716 3263 1.-
768 3216 815 3277 Ep.
836 3217 966 3263 XXXIX.
986 3215 1038 3263 and
1057 3217 1130 3263 Fam.
1146 3214 1182 3263 16.
1200 3225 1247 3277 5³

219 3286 324 3346 Lepta:
342 3282 375 3330 ci.
389 3284 437 3344 Ep.
452 3284 567 3331 XXXV.
581 3297 620 3330 22.
768 3282 814 3330 cui
839 3283 953 3330 darem:
980 3281 1022 3329 lor
1045 3282 1091 3329 the
1113 3282 1171 3329 laek
1193 3278 1218 3327 oi
1237 3290 1247 3321 a

200 3366 204 3368 “
252 3352 309 3398 XL.
330 3350 443 3404 Actium,
459 3351 526 3397 Nov.
541 3363 563 3409 7,
578 3362 609 3412 50
623 3361 672 3395 B.c.
684 3376 716 3383 -
767 3350 852 3410 postal
865 3357 960 3413 system
975 3363 1073 3411 among
1082 3348 1126 3395 the
1141 3350 1247 3395 Romans.

220 3416 717 3479 QQ.(=Quintiduo):i.e.tbebrother
768 3430 811 3462 see
825 3416 889 3462 lntr.
902 3415 941 3474 64.

219 3484 271 3531 and
293 3483 402 3545 nephew
422 3482 452 3529 of
475 3482 575 3529 Cicero.
611 3481 652 3529 Cf.
673 3482 717 3529 the
802 3475 1247 3541 2.dabis:cf.lntr.84b.-simul:

219 3549 376 3597 salutations
396 3548 421 3595 in
444 3548 492 3609 Ep.
513 3548 644 3595 XXXIX.
665 3547 716 3595 and
766 3546 1247 3608 sc.nobiscum,·cl.Ep.XLI.2.——etiam

221 3615 308 3663 XLII.
400 3621 404 3628 “
768 3622 854 3677 atque
869 3615 957 3661 etiam
969 3615 1046 3673 vale:
1060 3615 1093 3662 cf.
1106 3615 1168 3663 Intr.
1178 3614 1211 3661 62.
