2575 4200
210 283 258 337 182
548 284 716 338 eremos
742 284 916 338 narrans.
1111 282 1173 350 [up.
1187 284 1244 334 nr.

541 524 632 588 LIV.
669 525 775 610 (Fam.
798 542 847 603 14.
871 525 936 608 19.)

419 697 576 746 TVLLIVS
602 699 819 746 TERENTIAE
844 698 940 747 SVAE
964 698 991 747 S.
1015 698 1050 746 D.

256 831 296 893 In
324 831 475 894 maximis
505 832 588 895 meis
618 832 788 896 doloribus
818 833 986 896 excruciat
1016 853 1070 896 me
1098 832 1247 895 valetudo

208 939 337 1002 Tulliae
354 949 500 1014 nostrae,
519 941 561 1002 de
578 961 643 1022 qua
660 941 742 1002 nihil
760 949 811 1003 est
829 941 916 1022 quod
934 941 974 1003 ad
999 949 1035 1003 te
1059 941 1156 1022 plura
1181 941 1248 1002 scri-

208 1048 283 1109 bam
297 1068 305 1123 ;
334 1047 396 1109 tibi
421 1048 509 1110 enim
535 1069 639 1130 aeque
665 1049 806 1130 magnae
831 1069 930 1111 curae
956 1068 1032 1111 esse
1056 1058 1151 1110 certo
1177 1048 1246 1109 scio.

208 1155 309 1236 Quod
334 1175 387 1217 me
411 1156 547 1237 propius
565 1157 668 1218 vultis
692 1157 861 1230 accedere,
885 1157 982 1219 video
1007 1155 1054 1219 ita
1079 1174 1156 1218 esse
1180 1155 1249 1216 iaci-

198 1264 330 1337 endum
342 1285 356 1356 ;1
377 1264 477 1326 etiam
501 1272 580 1326 ante
604 1263 773 1338 fecissem,
792 1265 851 1326 sed
872 1284 925 1326 me
947 1263 1053 1326 multa
1077 1262 1248 1344 impedive-

208 1381 294 1446 runt,
329 1391 413 1452 quae
445 1391 488 1434 ne
520 1393 609 1434 nunc
641 1371 774 1454 quidem
809 1371 964 1453 expedita
995 1380 1084 1433 sunt.
1138 1370 1207 1434 Sed
1235 1391 1249 1430 a

209 1479 390 1560 Pomponio
411 1489 569 1560 exspecto
591 1479 732 1554 litteraS,
751 1500 833 1561 quas
855 1480 897 1541 ad
919 1500 973 1541 me
989 1499 1088 1561 quam
1112 1479 1249 1560 primum

207 1586 425 1668 perferendas
442 1604 538 1651 cures
555 1586 665 1651 velim.
715 1587 769 1650 Da
785 1607 919 1669 operam
935 1596 973 1650 ut
990 1586 1112 1650 valeas

545 1846 615 1909 LV.
652 1846 758 1931 (Fam.
781 1864 830 1926 14.
853 1847 918 1930 17.)

418 2019 576 2069 TVLLIVS
600 2020 818 2068 TERENTIAE
843 2019 938 2069 SVAE
963 2019 989 2069 S.
1012 2020 1047 2068 D.

256 2154 290 2218 S.
304 2176 334 2217 v.
348 2155 380 2218 b.
395 2174 423 2219 e.
437 2154 478 2218 V.
522 2154 560 2217 Si
576 2154 654 2236 quid
671 2155 829 2217 haberem
846 2156 934 2237 quod
951 2156 992 2217 ad
1009 2165 1044 2218 te
1061 2154 1250 2226 scriberem,

208 2263 353 2325 facerem
375 2262 407 2324 id
431 2272 464 2324 et
489 2262 641 2343 pluribus
658 2262 769 2326 verbis
793 2272 826 2325 et
852 2263 995 2344 saepius.
1046 2262 1150 2327 Nunc
1176 2283 1252 2345 quae

209 2371 277 2433 sint
302 2371 439 2452 negotia
462 2371 571 2447 vides;
596 2390 660 2453 ego
685 2380 798 2433 autem
823 2372 988 2453 quomodo
1013 2370 1075 2433 sim
1102 2372 1252 2434 adfectus

210 2498 250 2541 ex
273 2480 381 2559 Lepta
406 2488 438 2540 et
464 2478 625 2541 Trebatio
650 2479 776 2560 poteris
801 2498 1013 2560 cognoscere.
1063 2479 1117 2541 Tu
1144 2480 1202 2543 fac
1224 2489 1252 2541 ut

210 2596 300 2649 tuam
318 2596 352 2649 et
370 2586 499 2648 Tulliae
517 2586 743 2649 valetudinem
762 2606 868 2649 cures.
917 2586 1010 2650 Vale.

244 2743 314 2791 LIV.
339 2742 513 2801 Brundisium,
533 2745 602 2791 Nov.
621 2756 660 2803 27,
674 2742 706 2803 48
792 2743 847 2792 LV.
875 2742 1050 2801 Brundisium,
1075 2744 1143 2792 Dec.
1170 2744 1208 2800 18,
1229 2743 1252 2801 48

212 2822 261 2857 rac.
437 2855 439 2861 ,
759 2821 809 2857 uc.

243 2876 273 2923 in
286 2876 419 2924 maximis
433 2911 440 2923 .
454 2912 458 2922 .
474 2877 655 2925 ,doloribusz
673 2876 706 2925 cf.
792 2878 894 2924 sub.
913 2890 938 2924 e.
955 2891 1000 2923 v.:
1024 2876 1057 2924 cf.
1078 2876 1146 2924 Intr.
1161 2876 1195 2925 62
1213 2874 1252 2924 and

211 2944 275 2989 Intr.
294 2943 461 3006 32.—qu0d
480 2978 486 2990 .
506 2978 512 2990 .
532 2977 539 2989 .
558 2944 707 2991 accedere:
759 2942 807 3003 Ep.
833 2943 902 2989 LVI.
927 2942 1121 3004 n.-Lepta:
1156 2943 1191 2990 cf.
1216 2944 1251 3002 Ep.

211 3009 314 3057 Atticus
332 3008 384 3055 had
408 3010 482 3071 given
509 3009 552 3057 the
576 3024 648 3057 same
665 3008 708 3057 ad·
759 3009 874 3056 XXXV.
886 3008 1135 3056 22.—Trebatio:
1156 3025 1203 3057 see
1216 3010 1251 3068 Ep.

211 3075 266 3123 vice
280 3075 343 3138 (Att.
359 3089 395 3131 r‚1.
410 3088 431 3138 5.
446 3075 479 3138 2),
489 3075 536 3123 but
549 3076 642 3123 Cicero
655 3074 707 3122 had
760 3075 836 3122 XXI.
847 3073 941 3122 introd.
949 3083 1018 3121 note.
1041 3075 1129 3135 Lepta
1139 3075 1196 3123 and
1206 3076 1252 3121 Tre·

210 3141 339 3189 hesitated
358 3149 385 3189 to
403 3141 484 3204 adopt
503 3142 530 3198 it,
546 3141 588 3189 for
605 3142 661 3189 fear
679 3140 708 3188 of
758 3140 845 3188 batius
857 3140 908 3188 had
922 3149 974 3188 met
994 3140 1086 3188 Cicero
1104 3149 1136 3187 at
1158 3140 1252 3189 Brund·

210 3208 296 3271 injury
314 3216 339 3255 at
358 3207 402 3255 the
426 3207 510 3255 hands
529 3208 558 3255 of
581 3207 624 3255 the
644 3208 707 3255 Cae·
758 3207 833 3254 sium.
877 3206 991 3254 Cicero’s
1009 3213 1078 3253 state
1097 3206 1131 3252 of
1152 3206 1225 3254 mind
1239 3206 1252 3251 is

210 3274 316 3322 sarians.
330 3302 362 3307 —
375 3273 476 3337 multa,
504 3282 569 3321 etc:
598 3290 641 3335 ag.
665 3274 707 3321 his
758 3288 831 3321 more
854 3273 918 3337 fully
941 3270 1072 3319 indicated
1094 3272 1124 3319 in
1152 3289 1170 3321 a
1191 3275 1253 3321 letter

210 3341 316 3397 lictors;
335 3355 378 3387 see
393 3341 445 3386 Att.
461 3353 497 3386 11.
511 3338 533 3387 6.
548 3341 707 3388 2.—Pom-
759 3340 859 3387 written
877 3347 904 3386 to
920 3338 1024 3386 Atticus
1042 3338 1107 3401 (Att.
1133 3353 1177 3386 11.
1195 3339 1221 3400 8)
1236 3350 1252 3383 ar

211 3407 312 3471 ponio:
329 3405 362 3454 cf.
377 3406 438 3453 Intr.
453 3405 491 3468 58.
759 3406 812 3454 this
824 3406 893 3454 time.

1077 3512 1144 3545 ,κ’
