<?xml version="1.0" encoding="UTF-8"?>
<!DOCTYPE html PUBLIC "-//W3C//DTD XHTML 1.0 Transitional//EN"
    "http://www.w3.org/TR/xhtml1/DTD/xhtml1-transitional.dtd">
<html xmlns="http://www.w3.org/1999/xhtml" xml:lang="en" lang="en">
 <head>
  <title>
</title>
<meta http-equiv="Content-Type" content="text/html;charset=utf-8" />
  <meta name='ocr-system' content='tesseract 3.04.00' />
  <meta name='ocr-capabilities' content='ocr_page ocr_carea ocr_par ocr_line ocrx_word'/>
</head>
<body>
  <div class='ocr_page' id='page_1' title='image "./selectedletters00unkngoog_0160.png"; bbox 0 0 2575 4200; ppageno 0'>
   <div class='ocr_carea' id='block_1_1' title="bbox 166 237 1233 321">
    <p class='ocr_par' dir='ltr' id='par_1_1' title="bbox 166 237 1233 321">
     <span class='ocr_line' id='line_1_1' title="bbox 166 237 1233 321; baseline 0 -15"><span class='ocrx_word' id='word_1_1' title='bbox 166 237 215 306; x_wconf 81' lang='lat'>‘78</span> <span class='ocrx_word' id='word_1_2' title='bbox 291 307 292 312; x_wconf 64' lang='lat'>,</span> <span class='ocrx_word' id='word_1_3' title='bbox 522 253 689 303; x_wconf 77' lang='lat' dir='ltr'>crcuno‘s</span> <span class='ocrx_word' id='word_1_4' title='bbox 714 255 888 304; x_wconf 74' lang='lat' dir='ltr'>narrans.</span> <span class='ocrx_word' id='word_1_5' title='bbox 1049 256 1233 321; x_wconf 72' lang='lat' dir='ltr'>[prvlu</span> 
     </span>
    </p>
   </div>
   <div class='ocr_carea' id='block_1_2' title="bbox 88 360 1286 2130">
    <p class='ocr_par' dir='ltr' id='par_1_2' title="bbox 88 360 1286 2130">
     <span class='ocr_line' id='line_1_2' title="bbox 184 360 1281 488; baseline 0.003 -3"><span class='ocrx_word' id='word_1_6' title='bbox 184 443 280 486; x_wconf 90' lang='lat' dir='ltr'>casus</span> <span class='ocrx_word' id='word_1_7' title='bbox 295 430 407 484; x_wconf 91' lang='lat' dir='ltr'>autem</span> <span class='ocrx_word' id='word_1_8' title='bbox 428 421 553 484; x_wconf 91' lang='lat' dir='ltr'>alienos</span> <span class='ocrx_word' id='word_1_9' title='bbox 578 421 650 484; x_wconf 89' lang='lat' dir='ltr'>sine</span> <span class='ocrx_word' id='word_1_10' title='bbox 674 421 742 484; x_wconf 92' lang='lat' dir='ltr'>ullo</span> <span class='ocrx_word' id='word_1_11' title='bbox 759 420 872 484; x_wconf 90' lang='lat' dir='ltr'>dolore</span> <span class='ocrx_word' id='word_1_12' title='bbox 896 422 1105 487; x_wconf 90' lang='lat' dir='ltr'>intuentibus</span> <span class='ocrx_word' id='word_1_13' title='bbox 1129 425 1235 488; x_wconf 89' lang='lat' dir='ltr'>etiam</span> <span class='ocrx_word' id='word_1_14' title='bbox 1280 360 1281 435; x_wconf 70' lang='lat' dir='ltr'>l</span> 
     </span>
     <span class='ocr_line' id='line_1_3' title="bbox 183 529 1282 612; baseline 0.003 -20"><span class='ocrx_word' id='word_1_15' title='bbox 183 531 254 612; x_wconf 89' lang='lat' dir='ltr'>ipsa</span> <span class='ocrx_word' id='word_1_16' title='bbox 266 530 489 593; x_wconf 89' lang='lat' dir='ltr'>misericordia</span> <span class='ocrx_word' id='word_1_17' title='bbox 506 539 556 592; x_wconf 91' lang='lat' dir='ltr'>est</span> <span class='ocrx_word' id='word_1_18' title='bbox 574 529 728 594; x_wconf 90' lang='lat' dir='ltr'>iucunda.</span> <span class='ocrx_word' id='word_1_19' title='bbox 771 530 881 612; x_wconf 84' lang='lat' dir='ltr'>Quem</span> <span class='ocrx_word' id='word_1_20' title='bbox 899 531 987 594; x_wconf 91' lang='lat' dir='ltr'>enirn</span> <span class='ocrx_word' id='word_1_21' title='bbox 1005 535 1159 595; x_wconf 85' lang='lat' dir='ltr'>nostrum</span> <span class='ocrx_word' id='word_1_22' title='bbox 1178 533 1234 596; x_wconf 91' lang='lat' dir='ltr'>ille</span> <span class='ocrx_word' id='word_1_23' title='bbox 1281 550 1282 571; x_wconf 64' lang='lat'>¹</span> 
     </span>
     <span class='ocr_line' id='line_1_4' title="bbox 184 638 1235 723; baseline 0.004 -23"><span class='ocrx_word' id='word_1_24' title='bbox 184 639 327 702; x_wconf 90' lang='lat' dir='ltr'>moriens</span> <span class='ocrx_word' id='word_1_25' title='bbox 349 639 436 719; x_wconf 89' lang='lat' dir='ltr'>apud</span> <span class='ocrx_word' id='word_1_26' title='bbox 462 638 669 700; x_wconf 83' lang='lat' dir='ltr'>Mantineam</span> <span class='ocrx_word' id='word_1_27' title='bbox 695 638 950 719; x_wconf 35' lang='lat' dir='ltr'>Epaminondas,</span> <span class='ocrx_word' id='word_1_28' title='bbox 967 660 1034 702; x_wconf 92' lang='lat' dir='ltr'>non</span> <span class='ocrx_word' id='word_1_29' title='bbox 1060 661 1135 703; x_wconf 90' lang='lat' dir='ltr'>cum</span> <span class='ocrx_word' id='word_1_30' title='bbox 1155 662 1235 723; x_wconf 93' lang='lat' dir='ltr'>qua-</span> 
     </span>
     <span class='ocr_line' id='line_1_5' title="bbox 125 746 1234 831; baseline 0.001 -21"><span class='ocrx_word' id='word_1_31' title='bbox 125 777 127 782; x_wconf 96' lang='lat'>·</span> <span class='ocrx_word' id='word_1_32' title='bbox 183 748 258 810; x_wconf 91' lang='lat' dir='ltr'>dam</span> <span class='ocrx_word' id='word_1_33' title='bbox 274 747 486 809; x_wconf 91' lang='lat' dir='ltr'>miseratione</span> <span class='ocrx_word' id='word_1_34' title='bbox 504 746 673 827; x_wconf 81' lang='lat' dir='ltr'>delectat?</span> <span class='ocrx_word' id='word_1_35' title='bbox 716 746 783 830; x_wconf 88' lang='lat' dir='ltr'>Qui</span> <span class='ocrx_word' id='word_1_36' title='bbox 799 756 871 809; x_wconf 94' lang='lat' dir='ltr'>tum</span> <span class='ocrx_word' id='word_1_37' title='bbox 889 748 1033 831; x_wconf 91' lang='lat' dir='ltr'>denique</span> <span class='ocrx_word' id='word_1_38' title='bbox 1053 749 1115 811; x_wconf 87' lang='lat' dir='ltr'>sibi</span> <span class='ocrx_word' id='word_1_39' title='bbox 1131 749 1234 812; x_wconf 93' lang='lat' dir='ltr'>evelli</span> 
     </span>
     <span class='ocr_line' id='line_1_6' title="bbox 88 855 1232 947; baseline 0.002 -30"><span class='ocrx_word' id='word_1_40' title='bbox 88 934 95 947; x_wconf 33' lang='grc' dir='ltr'><strong>ο</strong></span> <span class='ocrx_word' id='word_1_41' title='bbox 182 855 274 918; x_wconf 89' lang='lat' dir='ltr'>iubet</span> <span class='ocrx_word' id='word_1_42' title='bbox 296 855 466 937; x_wconf 88' lang='lat' dir='ltr'>spiculum,</span> <span class='ocrx_word' id='word_1_43' title='bbox 485 864 717 937; x_wconf 88' lang='lat' dir='ltr'>posteaquam</span> <span class='ocrx_word' id='word_1_44' title='bbox 743 855 773 917; x_wconf 92' lang='lat' dir='ltr'>ei</span> <span class='ocrx_word' id='word_1_45' title='bbox 796 857 1009 936; x_wconf 87' lang='lat' dir='ltr'>percontanti</span> <span class='ocrx_word' id='word_1_46' title='bbox 1025 857 1153 919; x_wconf 93' lang='lat' dir='ltr'>dictum</span> <span class='ocrx_word' id='word_1_47' title='bbox 1179 867 1232 920; x_wconf 92' lang='lat' dir='ltr'>est</span> 
     </span>
     <span class='ocr_line' id='line_1_7' title="bbox 183 954 1283 1048; baseline 0.002 -22"><span class='ocrx_word' id='word_1_48' title='bbox 183 964 324 1046; x_wconf 89' lang='lat' dir='ltr'>clipeum</span> <span class='ocrx_word' id='word_1_49' title='bbox 341 983 416 1026; x_wconf 91' lang='lat' dir='ltr'>esse</span> <span class='ocrx_word' id='word_1_50' title='bbox 432 963 569 1038; x_wconf 90' lang='lat' dir='ltr'>salvum,</span> <span class='ocrx_word' id='word_1_51' title='bbox 589 972 625 1025; x_wconf 89' lang='lat' dir='ltr'>ut</span> <span class='ocrx_word' id='word_1_52' title='bbox 647 963 746 1026; x_wconf 89' lang='lat' dir='ltr'>etiam</span> <span class='ocrx_word' id='word_1_53' title='bbox 770 964 804 1025; x_wconf 93' lang='lat' dir='ltr'>in</span> <span class='ocrx_word' id='word_1_54' title='bbox 821 963 967 1027; x_wconf 91' lang='lat' dir='ltr'>vulneris</span> <span class='ocrx_word' id='word_1_55' title='bbox 985 964 1098 1027; x_wconf 91' lang='lat' dir='ltr'>dolore</span> <span class='ocrx_word' id='word_1_56' title='bbox 1123 986 1233 1048; x_wconf 89' lang='lat' dir='ltr'>aequo</span> <span class='ocrx_word' id='word_1_57' title='bbox 1282 954 1283 957; x_wconf 24' lang='lat'>¹</span> 
     </span>
     <span class='ocr_line' id='line_1_8' title="bbox 182 1071 1232 1154; baseline 0.003 -21"><span class='ocrx_word' id='word_1_58' title='bbox 182 1073 291 1135; x_wconf 88' lang='lat' dir='ltr'>animo</span> <span class='ocrx_word' id='word_1_59' title='bbox 308 1093 384 1135; x_wconf 90' lang='lat' dir='ltr'>cum</span> <span class='ocrx_word' id='word_1_60' title='bbox 400 1072 498 1135; x_wconf 92' lang='lat' dir='ltr'>laude</span> <span class='ocrx_word' id='word_1_61' title='bbox 515 1081 710 1136; x_wconf 90' lang='lat' dir='ltr'>moreretur.</span> <span class='ocrx_word' id='word_1_62' title='bbox 749 1071 853 1134; x_wconf 87' lang='lat' dir='ltr'>Cuius</span> <span class='ocrx_word' id='word_1_63' title='bbox 870 1072 1017 1135; x_wconf 91' lang='lat' dir='ltr'>studium</span> <span class='ocrx_word' id='word_1_64' title='bbox 1033 1073 1067 1135; x_wconf 92' lang='lat' dir='ltr'>in</span> <span class='ocrx_word' id='word_1_65' title='bbox 1084 1073 1232 1154; x_wconf 90' lang='lat' dir='ltr'>legendo</span> 
     </span>
     <span class='ocr_line' id='line_1_9' title="bbox 134 1179 1232 1269; baseline 0.002 -27"><span class='ocrx_word' id='word_1_66' title='bbox 134 1263 136 1269; x_wconf 15' lang='lat' dir='ltr'>y</span> <span class='ocrx_word' id='word_1_67' title='bbox 183 1201 249 1242; x_wconf 93' lang='lat' dir='ltr'>non</span> <span class='ocrx_word' id='word_1_68' title='bbox 283 1189 432 1243; x_wconf 88' lang='lat' dir='ltr'>erectum</span> <span class='ocrx_word' id='word_1_69' title='bbox 452 1179 684 1250; x_wconf 54' lang='lat' dir='ltr'>‚Themistocli</span> <span class='ocrx_word' id='word_1_70' title='bbox 722 1179 803 1261; x_wconf 84' lang='lat' dir='ltr'>iuga</span> <span class='ocrx_word' id='word_1_71' title='bbox 842 1180 999 1263; x_wconf 88' lang='lat' dir='ltr'><strong>exituque</strong></span> <span class='ocrx_word' id='word_1_72' title='bbox 1039 1181 1232 1244; x_wconf 84' lang='lat' dir='ltr'>retinetur?</span> 
     </span>
     <span class='ocr_line' id='line_1_10' title="bbox 184 1287 1230 1370; baseline 0.002 -20"><span class='ocrx_word' id='word_1_73' title='bbox 184 1289 317 1351; x_wconf 91' lang='lat' dir='ltr'>Etenim</span> <span class='ocrx_word' id='word_1_74' title='bbox 343 1289 424 1351; x_wconf 91' lang='lat' dir='ltr'>ordo</span> <span class='ocrx_word' id='word_1_75' title='bbox 456 1289 525 1370; x_wconf 93' lang='lat' dir='ltr'>ipse</span> <span class='ocrx_word' id='word_1_76' title='bbox 557 1287 725 1350; x_wconf 89' lang='lat' dir='ltr'>annalium</span> <span class='ocrx_word' id='word_1_77' title='bbox 757 1288 967 1350; x_wconf 86' lang='lat' dir='ltr'>mediocriter</span> <span class='ocrx_word' id='word_1_78' title='bbox 999 1309 1060 1352; x_wconf 89' lang='lat' dir='ltr'>nos</span> <span class='ocrx_word' id='word_1_79' title='bbox 1094 1290 1230 1365; x_wconf 89' lang='lat' dir='ltr'>retinet,</span> 
     </span>
     <span class='ocr_line' id='line_1_11' title="bbox 182 1383 1232 1478; baseline 0.001 -19"><span class='ocrx_word' id='word_1_80' title='bbox 182 1398 276 1478; x_wconf 84' lang='lat' dir='ltr'>quasi</span> <span class='ocrx_word' id='word_1_81' title='bbox 297 1397 548 1459; x_wconf 84' lang='lat' dir='ltr'>enumeratione</span> <span class='ocrx_word' id='word_1_82' title='bbox 572 1396 752 1471; x_wconf 83' lang='lat' dir='ltr'>fastorum;</span> <span class='ocrx_word' id='word_1_83' title='bbox 776 1407 810 1458; x_wconf 92' lang='lat' dir='ltr'>at</span> <span class='ocrx_word' id='word_1_84' title='bbox 827 1397 887 1458; x_wconf 94' lang='lat' dir='ltr'>viri</span> <span class='ocrx_word' id='word_1_85' title='bbox 911 1417 1010 1478; x_wconf 83' lang='lat' dir='ltr'>saepe</span> <span class='ocrx_word' id='word_1_86' title='bbox 1035 1383 1232 1461; x_wconf 84' lang='lat' dir='ltr'>excellentis</span> 
     </span>
     <span class='ocr_line' id='line_1_12' title="bbox 181 1505 1231 1587; baseline 0.001 -19"><span class='ocrx_word' id='word_1_87' title='bbox 181 1506 342 1587; x_wconf 81' lang='lat' dir='ltr'>ancipites</span> <span class='ocrx_word' id='word_1_88' title='bbox 358 1505 503 1586; x_wconf 89' lang='lat' dir='ltr'>variique</span> <span class='ocrx_word' id='word_1_89' title='bbox 520 1525 616 1568; x_wconf 88' lang='lat' dir='ltr'>casus</span> <span class='ocrx_word' id='word_1_90' title='bbox 633 1505 758 1567; x_wconf 89' lang='lat' dir='ltr'>habent</span> <span class='ocrx_word' id='word_1_91' title='bbox 783 1505 1034 1568; x_wconf 87' lang='lat' dir='ltr'>admirationem</span> <span class='ocrx_word' id='word_1_92' title='bbox 1060 1516 1231 1587; x_wconf 88' lang='lat' dir='ltr'>exspecta-</span> 
     </span>
     <span class='ocr_line' id='line_1_13' title="bbox 182 1613 1232 1694; baseline 0.001 -19"><span class='ocrx_word' id='word_1_93' title='bbox 182 1615 316 1688; x_wconf 92' lang='lat' dir='ltr'>tionem,</span> <span class='ocrx_word' id='word_1_94' title='bbox 343 1613 501 1676; x_wconf 91' lang='lat' dir='ltr'>laetitiam</span> <span class='ocrx_word' id='word_1_95' title='bbox 534 1613 729 1687; x_wconf 86' lang='lat' dir='ltr'>molestiam,</span> <span class='ocrx_word' id='word_1_96' title='bbox 759 1633 852 1694; x_wconf 91' lang='lat' dir='ltr'>spem</span> <span class='ocrx_word' id='word_1_97' title='bbox 885 1613 1057 1688; x_wconf 89' lang='lat' dir='ltr'>timorem;</span> <span class='ocrx_word' id='word_1_98' title='bbox 1090 1613 1119 1676; x_wconf 91' lang='lat' dir='ltr'>si</span> <span class='ocrx_word' id='word_1_99' title='bbox 1151 1634 1232 1677; x_wconf 92' lang='lat' dir='ltr'>vero</span> 
     </span>
     <span class='ocr_line' id='line_1_14' title="bbox 182 1721 1231 1803; baseline 0.001 -19"><span class='ocrx_word' id='word_1_100' title='bbox 182 1723 271 1784; x_wconf 89' lang='lat' dir='ltr'>exitu</span> <span class='ocrx_word' id='word_1_101' title='bbox 297 1721 433 1784; x_wconf 89' lang='lat' dir='ltr'>notabili</span> <span class='ocrx_word' id='word_1_102' title='bbox 457 1721 711 1794; x_wconf 89' lang='lat' dir='ltr'>concluduntur,</span> <span class='ocrx_word' id='word_1_103' title='bbox 732 1721 884 1803; x_wconf 88' lang='lat' dir='ltr'>expletur</span> <span class='ocrx_word' id='word_1_104' title='bbox 907 1721 1037 1784; x_wconf 89' lang='lat' dir='ltr'>animus</span> <span class='ocrx_word' id='word_1_105' title='bbox 1062 1722 1231 1785; x_wconf 89' lang='lat' dir='ltr'>iucundis-</span> 
     </span>
     <span class='ocr_line' id='line_1_15' title="bbox 148 1830 1229 1912; baseline 0.001 -20"><span class='ocrx_word' id='word_1_106' title='bbox 148 1853 163 1901; x_wconf 83' lang='lat'>6</span> <span class='ocrx_word' id='word_1_107' title='bbox 182 1831 263 1892; x_wconf 89' lang='lat' dir='ltr'>sima</span> <span class='ocrx_word' id='word_1_108' title='bbox 279 1830 430 1893; x_wconf 91' lang='lat' dir='ltr'>lectionis</span> <span class='ocrx_word' id='word_1_109' title='bbox 446 1830 626 1912; x_wconf 91' lang='lat' dir='ltr'>voluptate.</span> <span class='ocrx_word' id='word_1_110' title='bbox 667 1830 743 1911; x_wconf 78' lang='lat' dir='ltr'>Quo</span> <span class='ocrx_word' id='word_1_111' title='bbox 759 1830 840 1891; x_wconf 92' lang='lat' dir='ltr'>mihi</span> <span class='ocrx_word' id='word_1_112' title='bbox 855 1830 1011 1892; x_wconf 88' lang='lat' dir='ltr'>acciderit</span> <span class='ocrx_word' id='word_1_113' title='bbox 1029 1831 1186 1911; x_wconf 90' lang='lat' dir='ltr'>optatius,</span> <span class='ocrx_word' id='word_1_114' title='bbox 1199 1832 1229 1893; x_wconf 93' lang='lat' dir='ltr'>si</span> 
     </span>
     <span class='ocr_line' id='line_1_16' title="bbox 181 1938 1228 2020; baseline -0.001 -19"><span class='ocrx_word' id='word_1_115' title='bbox 181 1939 212 2001; x_wconf 92' lang='lat' dir='ltr'>in</span> <span class='ocrx_word' id='word_1_116' title='bbox 231 1940 292 2002; x_wconf 93' lang='lat' dir='ltr'>hac</span> <span class='ocrx_word' id='word_1_117' title='bbox 309 1939 477 2002; x_wconf 90' lang='lat' dir='ltr'>sententia</span> <span class='ocrx_word' id='word_1_118' title='bbox 492 1939 604 2012; x_wconf 86' lang='lat' dir='ltr'>fueris,</span> <span class='ocrx_word' id='word_1_119' title='bbox 624 1946 697 2000; x_wconf 93' lang='lat' dir='ltr'>uta</span> <span class='ocrx_word' id='word_1_120' title='bbox 719 1938 968 2001; x_wconf 91' lang='lat' dir='ltr'>continentibus</span> <span class='ocrx_word' id='word_1_121' title='bbox 992 1939 1058 2000; x_wconf 91' lang='lat' dir='ltr'>tuis</span> <span class='ocrx_word' id='word_1_122' title='bbox 1083 1939 1228 2020; x_wconf 88' lang='lat' dir='ltr'>scriptis,</span> 
     </span>
     <span class='ocr_line' id='line_1_17' title="bbox 181 2046 1286 2130; baseline 0.002 -21"><span class='ocrx_word' id='word_1_123' title='bbox 181 2047 346 2129; x_wconf 90' lang='lat' dir='ltr'>inquibus</span> <span class='ocrx_word' id='word_1_124' title='bbox 363 2056 557 2130; x_wconf 92' lang='lat' dir='ltr'>perpetuam</span> <span class='ocrx_word' id='word_1_125' title='bbox 571 2066 681 2110; x_wconf 84' lang='lat' dir='ltr'>rerum</span> <span class='ocrx_word' id='word_1_126' title='bbox 698 2056 866 2129; x_wconf 89' lang='lat' dir='ltr'>gestarum</span> <span class='ocrx_word' id='word_1_127' title='bbox 881 2046 1051 2110; x_wconf 88' lang='lat' dir='ltr'>historiam</span> <span class='ocrx_word' id='word_1_128' title='bbox 1065 2047 1231 2129; x_wconf 84' lang='lat' dir='ltr'>compleo·</span> <span class='ocrx_word' id='word_1_129' title='bbox 1285 2094 1286 2124; x_wconf 61' lang='lat'>,</span> 
     </span>
    </p>
   </div>
   <div class='ocr_carea' id='block_1_3' title="bbox 180 2155 1244 2788">
    <p class='ocr_par' dir='ltr' id='par_1_3' title="bbox 180 2135 1286 2788">
     <span class='ocr_line' id='line_1_18' title="bbox 182 2155 1230 2237; baseline 0 -20"><span class='ocrx_word' id='word_1_130' title='bbox 182 2156 269 2231; x_wconf 89' lang='lat' dir='ltr'>teris,</span> <span class='ocrx_word' id='word_1_131' title='bbox 296 2176 450 2219; x_wconf 91' lang='lat' dir='ltr'>secernas</span> <span class='ocrx_word' id='word_1_132' title='bbox 475 2156 560 2233; x_wconf 90' lang='lat' dir='ltr'>hanc</span> <span class='ocrx_word' id='word_1_133' title='bbox 588 2156 682 2237; x_wconf 87' lang='lat' dir='ltr'>quasi</span> <span class='ocrx_word' id='word_1_134' title='bbox 709 2155 856 2218; x_wconf 83' lang='lat' dir='ltr'>fabulam</span> <span class='ocrx_word' id='word_1_135' title='bbox 882 2176 992 2218; x_wconf 91' lang='lat' dir='ltr'>rerum</span> <span class='ocrx_word' id='word_1_136' title='bbox 1018 2165 1230 2218; x_wconf 89' lang='lat' dir='ltr'>eventorum·</span> 
     </span>
     <span class='ocr_line' id='line_1_19' title="bbox 181 2263 1229 2345; baseline 0.001 -19"><span class='ocrx_word' id='word_1_137' title='bbox 181 2285 245 2345; x_wconf 91' lang='lat' dir='ltr'>que</span> <span class='ocrx_word' id='word_1_138' title='bbox 277 2264 638 2327; x_wconf 89' lang='lat' dir='ltr'>nostrorum—habet</span> <span class='ocrx_word' id='word_1_139' title='bbox 672 2264 760 2325; x_wconf 89' lang='lat' dir='ltr'>enim</span> <span class='ocrx_word' id='word_1_140' title='bbox 785 2263 892 2326; x_wconf 91' lang='lat' dir='ltr'>varios</span> <span class='ocrx_word' id='word_1_141' title='bbox 916 2272 1011 2327; x_wconf 91' lang='lat' dir='ltr'>actus</span> <span class='ocrx_word' id='word_1_142' title='bbox 1036 2263 1229 2345; x_wconf 90' lang='lat' dir='ltr'>multasque</span> 
     </span>
     <span class='ocr_line' id='line_1_20' title="bbox 180 2371 1231 2452; baseline -0.001 -18"><span class='ocrx_word' id='word_1_143' title='bbox 180 2372 328 2434; x_wconf 89' lang='lat' dir='ltr'>actiones</span> <span class='ocrx_word' id='word_1_144' title='bbox 351 2382 384 2434; x_wconf 95' lang='lat' dir='ltr'>et</span> <span class='ocrx_word' id='word_1_145' title='bbox 407 2372 617 2435; x_wconf 89' lang='lat' dir='ltr'>consiliorum</span> <span class='ocrx_word' id='word_1_146' title='bbox 642 2380 676 2433; x_wconf 94' lang='lat' dir='ltr'>et</span> <span class='ocrx_word' id='word_1_147' title='bbox 702 2380 898 2452; x_wconf 87' lang='lat' dir='ltr'>temporum.</span> <span class='ocrx_word' id='word_1_148' title='bbox 949 2371 1002 2434; x_wconf 89' lang='lat' dir='ltr'>Ac</span> <span class='ocrx_word' id='word_1_149' title='bbox 1025 2391 1093 2433; x_wconf 93' lang='lat' dir='ltr'>non</span> <span class='ocrx_word' id='word_1_150' title='bbox 1110 2391 1231 2434; x_wconf 89' lang='lat' dir='ltr'>vereor</span> 
     </span>
     <span class='ocr_line' id='line_1_21' title="bbox 181 2480 1230 2562; baseline -0.001 -20"><span class='ocrx_word' id='word_1_151' title='bbox 181 2500 223 2542; x_wconf 92' lang='lat' dir='ltr'>ne</span> <span class='ocrx_word' id='word_1_152' title='bbox 262 2480 550 2543; x_wconf 87' lang='lat' dir='ltr'>adsentatiuncula</span> <span class='ocrx_word' id='word_1_153' title='bbox 585 2480 726 2561; x_wconf 93' lang='lat' dir='ltr'>quadam</span> <span class='ocrx_word' id='word_1_154' title='bbox 767 2480 923 2561; x_wconf 89' lang='lat' dir='ltr'>aucupari</span> <span class='ocrx_word' id='word_1_155' title='bbox 958 2488 1050 2542; x_wconf 90' lang='lat' dir='ltr'>tuam</span> <span class='ocrx_word' id='word_1_156' title='bbox 1086 2480 1230 2562; x_wconf 87' lang='lat' dir='ltr'>gratiam</span> 
     </span>
     <span class='ocr_line' id='line_1_22' title="bbox 180 2587 1229 2669; baseline -0.002 -19"><span class='ocrx_word' id='word_1_157' title='bbox 180 2589 300 2663; x_wconf 90' lang='lat' dir='ltr'>videar,</span> <span class='ocrx_word' id='word_1_158' title='bbox 335 2609 410 2651; x_wconf 90' lang='lat' dir='ltr'>cum</span> <span class='ocrx_word' id='word_1_159' title='bbox 442 2588 505 2651; x_wconf 90' lang='lat' dir='ltr'>hoc</span> <span class='ocrx_word' id='word_1_160' title='bbox 538 2589 773 2662; x_wconf 88' lang='lat' dir='ltr'>demonstrem,</span> <span class='ocrx_word' id='word_1_161' title='bbox 806 2607 860 2650; x_wconf 94' lang='lat' dir='ltr'>me</span> <span class='ocrx_word' id='word_1_162' title='bbox 896 2608 915 2650; x_wconf 92' lang='lat' dir='ltr'>a</span> <span class='ocrx_word' id='word_1_163' title='bbox 950 2597 985 2649; x_wconf 91' lang='lat' dir='ltr'>te</span> <span class='ocrx_word' id='word_1_164' title='bbox 1018 2587 1229 2669; x_wconf 90' lang='lat' dir='ltr'>potissimum</span> 
     </span>
     <span class='ocr_line' id='line_1_23' title="bbox 180 2695 1244 2788; baseline -0.003 -29"><span class='ocrx_word' id='word_1_165' title='bbox 180 2697 290 2759; x_wconf 83' lang='lat' dir='ltr'>ornari</span> <span class='ocrx_word' id='word_1_166' title='bbox 321 2696 545 2777; x_wconf 91' lang='lat' dir='ltr'>celebrarique</span> <span class='ocrx_word' id='word_1_167' title='bbox 573 2695 668 2758; x_wconf 89' lang='lat' dir='ltr'>velle.</span> <span class='ocrx_word' id='word_1_168' title='bbox 719 2696 839 2777; x_wconf 91' lang='lat' dir='ltr'>Neque</span> <span class='ocrx_word' id='word_1_169' title='bbox 867 2696 955 2757; x_wconf 91' lang='lat' dir='ltr'>enim</span> <span class='ocrx_word' id='word_1_170' title='bbox 984 2705 1021 2757; x_wconf 95' lang='lat' dir='ltr'>tu</span> <span class='ocrx_word' id='word_1_171' title='bbox 1050 2695 1077 2757; x_wconf 93' lang='lat' dir='ltr'>is</span> <span class='ocrx_word' id='word_1_172' title='bbox 1108 2715 1145 2757; x_wconf 90' lang='lat' dir='ltr'>es</span> <span class='ocrx_word' id='word_1_173' title='bbox 1170 2696 1244 2788; x_wconf 45' lang='lat' dir='ltr'>qui·</span> 
     </span>
    </p>
   </div>
   <div class='ocr_carea' id='block_1_4' title="bbox 180 2897 677 3291">
    <p class='ocr_par' dir='ltr' id='par_1_4' title="bbox 180 2897 677 3291">
     <span class='ocr_line' id='line_1_24' title="bbox 182 2897 675 2960; baseline -0.006 -15"><span class='ocrx_word' id='word_1_174' title='bbox 182 2897 413 2960; x_wconf 84' lang='lat' dir='ltr'>Epaminondas:</span> <span class='ocrx_word' id='word_1_175' title='bbox 432 2897 464 2945; x_wconf 80' lang='lat' dir='ltr'>cf.</span> <span class='ocrx_word' id='word_1_176' title='bbox 477 2898 508 2945; x_wconf 85' lang='lat' dir='ltr'>de</span> <span class='ocrx_word' id='word_1_177' title='bbox 525 2898 583 2944; x_wconf 87' lang='lat' dir='ltr'>Fin.</span> <span class='ocrx_word' id='word_1_178' title='bbox 598 2910 619 2943; x_wconf 92' lang='lat'>2.</span> <span class='ocrx_word' id='word_1_179' title='bbox 632 2910 675 2959; x_wconf 89' lang='lat'>97;</span> 
     </span>
     <span class='ocr_line' id='line_1_25' title="bbox 186 2962 677 3027; baseline -0.002 -16"><span class='ocrx_word' id='word_1_180' title='bbox 186 2966 255 3011; x_wconf 90' lang='lat' dir='ltr'>Turc.</span> <span class='ocrx_word' id='word_1_181' title='bbox 268 2966 343 3025; x_wconf 74' lang='lat' dir='ltr'>Disp.</span> <span class='ocrx_word' id='word_1_182' title='bbox 358 2978 379 3011; x_wconf 91' lang='lat'>2.</span> <span class='ocrx_word' id='word_1_183' title='bbox 395 2976 433 3027; x_wconf 85' lang='lat'>59.</span> <span class='ocrx_word' id='word_1_184' title='bbox 468 2962 525 3011; x_wconf 87' lang='lat' dir='ltr'>The</span> <span class='ocrx_word' id='word_1_185' title='bbox 541 2978 629 3010; x_wconf 88' lang='lat' dir='ltr'>career</span> <span class='ocrx_word' id='word_1_186' title='bbox 647 2962 677 3010; x_wconf 81' lang='lat' dir='ltr'>ol</span> 
     </span>
     <span class='ocr_line' id='line_1_26' title="bbox 181 3029 677 3092; baseline -0.002 -15"><span class='ocrx_word' id='word_1_187' title='bbox 181 3030 375 3092; x_wconf 88' lang='lat' dir='ltr'>Epaminondas</span> <span class='ocrx_word' id='word_1_188' title='bbox 383 3044 434 3077; x_wconf 90' lang='lat' dir='ltr'>was</span> <span class='ocrx_word' id='word_1_189' title='bbox 444 3029 578 3077; x_wconf 86' lang='lat' dir='ltr'>afavorite</span> <span class='ocrx_word' id='word_1_190' title='bbox 589 3029 677 3077; x_wconf 89' lang='lat' dir='ltr'>theme</span> 
     </span>
     <span class='ocr_line' id='line_1_27' title="bbox 180 3095 676 3145; baseline -0.002 -2"><span class='ocrx_word' id='word_1_191' title='bbox 180 3097 206 3143; x_wconf 92' lang='lat' dir='ltr'>in</span> <span class='ocrx_word' id='word_1_192' title='bbox 219 3096 263 3144; x_wconf 89' lang='lat' dir='ltr'>the</span> <span class='ocrx_word' id='word_1_193' title='bbox 275 3096 381 3145; x_wconf 89' lang='lat' dir='ltr'>schools</span> <span class='ocrx_word' id='word_1_194' title='bbox 397 3095 426 3143; x_wconf 87' lang='lat' dir='ltr'>of</span> <span class='ocrx_word' id='word_1_195' title='bbox 443 3096 487 3143; x_wconf 90' lang='lat' dir='ltr'>the</span> <span class='ocrx_word' id='word_1_196' title='bbox 506 3096 676 3144; x_wconf 90' lang='lat' dir='ltr'>rhetoricians</span> 
     </span>
     <span class='ocr_line' id='line_1_28' title="bbox 182 3162 676 3225; baseline 0 -16"><span class='ocrx_word' id='word_1_197' title='bbox 182 3163 221 3225; x_wconf 83' lang='lat' dir='ltr'>(de</span> <span class='ocrx_word' id='word_1_198' title='bbox 234 3164 294 3209; x_wconf 83' lang='lat' dir='ltr'>Flu.</span> <span class='ocrx_word' id='word_1_199' title='bbox 308 3177 330 3209; x_wconf 90' lang='lat'>2.</span> <span class='ocrx_word' id='word_1_200' title='bbox 344 3163 395 3225; x_wconf 83' lang='lat'>67).</span> <span class='ocrx_word' id='word_1_201' title='bbox 432 3163 524 3210; x_wconf 88' lang='lat' dir='ltr'>Cicero</span> <span class='ocrx_word' id='word_1_202' title='bbox 543 3162 676 3210; x_wconf 78' lang='lat' dir='ltr'>confessos</span> 
     </span>
     <span class='ocr_line' id='line_1_29' title="bbox 180 3228 675 3291; baseline -0.006 -15"><span class='ocrx_word' id='word_1_203' title='bbox 180 3237 207 3276; x_wconf 90' lang='lat' dir='ltr'>to</span> <span class='ocrx_word' id='word_1_204' title='bbox 220 3244 236 3277; x_wconf 86' lang='lat' dir='ltr'>a</span> <span class='ocrx_word' id='word_1_205' title='bbox 247 3229 345 3277; x_wconf 89' lang='lat' dir='ltr'>similar</span> <span class='ocrx_word' id='word_1_206' title='bbox 356 3228 453 3290; x_wconf 83' lang='lat' dir='ltr'>feeling</span> <span class='ocrx_word' id='word_1_207' title='bbox 466 3229 551 3291; x_wconf 87' lang='lat' dir='ltr'>(Tusc.</span> <span class='ocrx_word' id='word_1_208' title='bbox 565 3230 639 3289; x_wconf 80' lang='lat' dir='ltr'>Dirp.</span> <span class='ocrx_word' id='word_1_209' title='bbox 656 3242 675 3274; x_wconf 92' lang='lat'>1.</span> 
     </span>
    </p>
   </div>
   <div class='ocr_carea' id='block_1_5' title="bbox 728 2895 1229 3284">
    <p class='ocr_par' dir='ltr' id='par_1_5' title="bbox 728 2895 1229 3284">
     <span class='ocr_line' id='line_1_30' title="bbox 729 2895 1229 2961; baseline -0.006 -16"><span class='ocrx_word' id='word_1_210' title='bbox 729 2896 819 2959; x_wconf 87' lang='lat' dir='ltr'>gested</span> <span class='ocrx_word' id='word_1_211' title='bbox 837 2896 871 2960; x_wconf 87' lang='lat' dir='ltr'>by</span> <span class='ocrx_word' id='word_1_212' title='bbox 882 2897 901 2944; x_wconf 87' lang='lat' dir='ltr'>it</span> <span class='ocrx_word' id='word_1_213' title='bbox 920 2896 941 2945; x_wconf 92' lang='lat' dir='ltr'>is</span> <span class='ocrx_word' id='word_1_214' title='bbox 960 2896 1022 2961; x_wconf 86' lang='lat' dir='ltr'>only</span> <span class='ocrx_word' id='word_1_215' title='bbox 1038 2895 1158 2961; x_wconf 86' lang='lat' dir='ltr'>partially</span> <span class='ocrx_word' id='word_1_216' title='bbox 1174 2910 1229 2943; x_wconf 88' lang='lat' dir='ltr'>car-</span> 
     </span>
     <span class='ocr_line' id='line_1_31' title="bbox 729 2963 1228 3024; baseline -0.004 -14"><span class='ocrx_word' id='word_1_217' title='bbox 729 2963 784 3011; x_wconf 87' lang='lat' dir='ltr'>ried</span> <span class='ocrx_word' id='word_1_218' title='bbox 802 2971 848 3010; x_wconf 93' lang='lat' dir='ltr'>out</span> <span class='ocrx_word' id='word_1_219' title='bbox 869 2963 895 3010; x_wconf 94' lang='lat' dir='ltr'>in</span> <span class='ocrx_word' id='word_1_220' title='bbox 915 2963 959 3011; x_wconf 91' lang='lat' dir='ltr'>the</span> <span class='ocrx_word' id='word_1_221' title='bbox 979 2963 1114 3024; x_wconf 84' lang='lat' dir='ltr'>following</span> <span class='ocrx_word' id='word_1_222' title='bbox 1130 2963 1228 3010; x_wconf 89' lang='lat' dir='ltr'>clause.</span> 
     </span>
     <span class='ocr_line' id='line_1_32' title="bbox 728 3028 1228 3092; baseline -0.004 -15"><span class='ocrx_word' id='word_1_223' title='bbox 728 3038 873 3078; x_wconf 74' lang='lat' dir='ltr'>—actust</span> <span class='ocrx_word' id='word_1_224' title='bbox 897 3029 948 3092; x_wconf 81' lang='lat' dir='ltr'>the¹</span> <span class='ocrx_word' id='word_1_225' title='bbox 962 3030 1032 3076; x_wconf 86' lang='lat' dir='ltr'>main</span> <span class='ocrx_word' id='word_1_226' title='bbox 1053 3028 1180 3077; x_wconf 86' lang='lat' dir='ltr'>divisions</span> <span class='ocrx_word' id='word_1_227' title='bbox 1201 3029 1228 3075; x_wconf 93' lang='lat' dir='ltr'>in</span> 
     </span>
     <span class='ocr_line' id='line_1_33' title="bbox 729 3094 1229 3159; baseline -0.002 -17"><span class='ocrx_word' id='word_1_228' title='bbox 729 3095 773 3143; x_wconf 94' lang='lat' dir='ltr'>the</span> <span class='ocrx_word' id='word_1_229' title='bbox 796 3097 870 3159; x_wconf 70' lang='lat' dir='ltr'>play,</span> <span class='ocrx_word' id='word_1_230' title='bbox 898 3096 1045 3143; x_wconf 82' lang='lat' dir='ltr'>actiones:</span> <span class='ocrx_word' id='word_1_231' title='bbox 1073 3095 1117 3143; x_wconf 92' lang='lat' dir='ltr'>the</span> <span class='ocrx_word' id='word_1_232' title='bbox 1140 3094 1229 3143; x_wconf 91' lang='lat' dir='ltr'>subdi-</span> 
     </span>
     <span class='ocr_line' id='line_1_34' title="bbox 729 3160 1229 3216; baseline 0.002 -8"><span class='ocrx_word' id='word_1_233' title='bbox 729 3162 827 3210; x_wconf 91' lang='lat' dir='ltr'>visions</span> <span class='ocrx_word' id='word_1_234' title='bbox 846 3162 874 3209; x_wconf 81' lang='lat' dir='ltr'>oi</span> <span class='ocrx_word' id='word_1_235' title='bbox 895 3162 939 3209; x_wconf 90' lang='lat' dir='ltr'>the</span> <span class='ocrx_word' id='word_1_236' title='bbox 957 3169 1035 3211; x_wconf 84' lang='lat' dir='ltr'>octus.</span> <span class='ocrx_word' id='word_1_237' title='bbox 1074 3161 1115 3209; x_wconf 81' lang='lat' dir='ltr'>Cf.</span> <span class='ocrx_word' id='word_1_238' title='bbox 1133 3160 1229 3216; x_wconf 88' lang='lat' dir='ltr'>Krebs,</span> 
     </span>
     <span class='ocr_line' id='line_1_35' title="bbox 729 3226 1227 3284; baseline -0.006 -9"><span class='ocrx_word' id='word_1_239' title='bbox 729 3230 924 3284; x_wconf 82' lang='lat' dir='ltr'>Antr&#39;borborus‚</span> <span class='ocrx_word' id='word_1_240' title='bbox 935 3244 969 3275; x_wconf 93' lang='lat' dir='ltr'>on</span> <span class='ocrx_word' id='word_1_241' title='bbox 982 3236 1052 3275; x_wconf 85' lang='lat' dir='ltr'>octus</span> <span class='ocrx_word' id='word_1_242' title='bbox 1064 3226 1116 3276; x_wconf 89' lang='lat' dir='ltr'>and</span> <span class='ocrx_word' id='word_1_243' title='bbox 1128 3244 1227 3275; x_wconf 82' lang='lat' dir='ltr'>scaena.</span> 
     </span>
    </p>
   </div>
   <div class='ocr_carea' id='block_1_6' title="bbox 179 3294 677 3424">
    <p class='ocr_par' dir='ltr' id='par_1_6' title="bbox 179 3294 677 3424">
     <span class='ocr_line' id='line_1_36' title="bbox 179 3294 677 3358; baseline -0.004 -15"><span class='ocrx_word' id='word_1_244' title='bbox 179 3295 222 3358; x_wconf 82' lang='lat'>96)</span> <span class='ocrx_word' id='word_1_245' title='bbox 247 3311 281 3342; x_wconf 94' lang='lat' dir='ltr'>on</span> <span class='ocrx_word' id='word_1_246' title='bbox 306 3294 411 3356; x_wconf 89' lang='lat' dir='ltr'>reading</span> <span class='ocrx_word' id='word_1_247' title='bbox 435 3295 479 3343; x_wconf 90' lang='lat' dir='ltr'>the</span> <span class='ocrx_word' id='word_1_248' title='bbox 508 3303 619 3342; x_wconf 91' lang='lat' dir='ltr'>account</span> <span class='ocrx_word' id='word_1_249' title='bbox 648 3294 677 3341; x_wconf 83' lang='lat' dir='ltr'>of</span> 
     </span>
     <span class='ocr_line' id='line_1_37' title="bbox 180 3361 677 3424; baseline -0.004 -15"><span class='ocrx_word' id='word_1_250' title='bbox 180 3361 377 3409; x_wconf 84' lang='lat' dir='ltr'>Theramenes&#39;s</span> <span class='ocrx_word' id='word_1_251' title='bbox 392 3361 478 3409; x_wconf 86' lang='lat' dir='ltr'>death.</span> <span class='ocrx_word' id='word_1_252' title='bbox 487 3389 520 3395; x_wconf 85' lang='lat'><em>—</em></span> <span class='ocrx_word' id='word_1_253' title='bbox 533 3361 602 3424; x_wconf 86' lang='lat' dir='ltr'>iuga</span> <span class='ocrx_word' id='word_1_254' title='bbox 617 3361 677 3409; x_wconf 86' lang='lat' dir='ltr'>exi-</span> 
     </span>
    </p>
   </div>
   <div class='ocr_carea' id='block_1_7' title="bbox 728 3294 1229 3425">
    <p class='ocr_par' dir='ltr' id='par_1_7' title="bbox 728 3294 1229 3425">
     <span class='ocr_line' id='line_1_38' title="bbox 728 3294 1229 3357; baseline -0.004 -14"><span class='ocrx_word' id='word_1_255' title='bbox 728 3323 762 3329; x_wconf 98' lang='lat'><strong>—</strong></span> <span class='ocrx_word' id='word_1_256' title='bbox 780 3294 1031 3343; x_wconf 87' lang='lat' dir='ltr'>adsentatiuncula</span> <span class='ocrx_word' id='word_1_257' title='bbox 1049 3295 1185 3357; x_wconf 86' lang='lat' dir='ltr'>quadam,</span> <span class='ocrx_word' id='word_1_258' title='bbox 1199 3295 1229 3355; x_wconf 82' lang='lat' dir='ltr'>by</span> 
     </span>
     <span class='ocr_line' id='line_1_39' title="bbox 728 3361 1227 3425; baseline -0.006 -17"><span class='ocrx_word' id='word_1_259' title='bbox 728 3379 744 3408; x_wconf 87' lang='lat' dir='ltr'>o</span> <span class='ocrx_word' id='word_1_260' title='bbox 762 3363 798 3408; x_wconf 82' lang='lat' dir='ltr'>bit</span> <span class='ocrx_word' id='word_1_261' title='bbox 814 3363 846 3425; x_wconf 88' lang='lat' dir='ltr'>os</span> <span class='ocrx_word' id='word_1_262' title='bbox 855 3363 970 3423; x_wconf 78' lang='lat' dir='ltr'>stattery,</span> <span class='ocrx_word' id='word_1_263' title='bbox 988 3378 1017 3408; x_wconf 88' lang='lat' dir='ltr'>as</span> <span class='ocrx_word' id='word_1_264' title='bbox 1041 3362 1063 3408; x_wconf 81' lang='lat' dir='ltr'>it</span> <span class='ocrx_word' id='word_1_265' title='bbox 1083 3376 1168 3417; x_wconf 67' lang='lat' dir='ltr'>wem</span> <span class='ocrx_word' id='word_1_266' title='bbox 1195 3361 1227 3407; x_wconf 84' lang='lat' dir='ltr'>cf.</span> 
     </span>
    </p>
   </div>
   <div class='ocr_carea' id='block_1_8' title="bbox 179 3427 1227 3491">
    <p class='ocr_par' dir='ltr' id='par_1_8' title="bbox 179 3427 1227 3491">
     <span class='ocr_line' id='line_1_40' title="bbox 179 3427 1227 3491; baseline -0.004 -14"><span class='ocrx_word' id='word_1_267' title='bbox 179 3437 279 3491; x_wconf 86' lang='lat' dir='ltr'>tuque:</span> <span class='ocrx_word' id='word_1_268' title='bbox 293 3428 337 3475; x_wconf 89' lang='lat' dir='ltr'>the</span> <span class='ocrx_word' id='word_1_269' title='bbox 349 3429 426 3475; x_wconf 89' lang='lat' dir='ltr'>MSS.</span> <span class='ocrx_word' id='word_1_270' title='bbox 436 3427 496 3475; x_wconf 92' lang='lat' dir='ltr'>read</span> <span class='ocrx_word' id='word_1_271' title='bbox 502 3428 570 3491; x_wconf 82' lang='lat' dir='ltr'>fuga</span> <span class='ocrx_word' id='word_1_272' title='bbox 583 3429 676 3474; x_wconf 81' lang='lat' dir='ltr'>reditu·</span> <span class='ocrx_word' id='word_1_273' title='bbox 725 3429 878 3489; x_wconf 74' lang='lat' dir='ltr'>pulchellus,</span> <span class='ocrx_word' id='word_1_274' title='bbox 899 3429 945 3489; x_wconf 80' lang='lat' dir='ltr'>Ep.</span> <span class='ocrx_word' id='word_1_275' title='bbox 966 3428 997 3473; x_wconf 90' lang='lat' dir='ltr'>V.</span> <span class='ocrx_word' id='word_1_276' title='bbox 1013 3440 1043 3473; x_wconf 90' lang='lat'>10</span> <span class='ocrx_word' id='word_1_277' title='bbox 1056 3440 1227 3489; x_wconf 83' lang='lat' dir='ltr'>n.—neque</span> 
     </span>
    </p>
   </div>
   <div class='ocr_carea' id='block_1_9' title="bbox 178 3493 678 3823">
    <p class='ocr_par' dir='ltr' id='par_1_9' title="bbox 178 3493 678 3823">
     <span class='ocr_line' id='line_1_41' title="bbox 178 3493 677 3559; baseline -0.004 -17"><span class='ocrx_word' id='word_1_278' title='bbox 178 3511 232 3559; x_wconf 85' lang='lat' dir='ltr'>que,</span> <span class='ocrx_word' id='word_1_279' title='bbox 246 3494 293 3542; x_wconf 92' lang='lat' dir='ltr'>but</span> <span class='ocrx_word' id='word_1_280' title='bbox 312 3494 503 3542; x_wconf 88' lang='lat' dir='ltr'>Themistocles</span> <span class='ocrx_word' id='word_1_281' title='bbox 516 3493 576 3541; x_wconf 91' lang='lat' dir='ltr'>died</span> <span class='ocrx_word' id='word_1_282' title='bbox 594 3494 619 3541; x_wconf 93' lang='lat' dir='ltr'>in</span> <span class='ocrx_word' id='word_1_283' title='bbox 637 3510 677 3541; x_wconf 88' lang='lat' dir='ltr'>ex-</span> 
     </span>
     <span class='ocr_line' id='line_1_42' title="bbox 178 3560 678 3641; baseline -0.004 -32"><span class='ocrx_word' id='word_1_284' title='bbox 178 3562 219 3617; x_wconf 90' lang='lat' dir='ltr'>ile,</span> <span class='ocrx_word' id='word_1_285' title='bbox 231 3577 261 3609; x_wconf 90' lang='lat' dir='ltr'>so</span> <span class='ocrx_word' id='word_1_286' title='bbox 275 3561 331 3641; x_wconf 85' lang='lat' dir='ltr'>that</span> <span class='ocrx_word' id='word_1_287' title='bbox 345 3576 418 3641; x_wconf 67' lang='lat' dir='ltr'>spine</span> <span class='ocrx_word' id='word_1_288' title='bbox 435 3560 535 3622; x_wconf 89' lang='lat' dir='ltr'>change</span> <span class='ocrx_word' id='word_1_289' title='bbox 553 3561 574 3608; x_wconf 91' lang='lat' dir='ltr'>is</span> <span class='ocrx_word' id='word_1_290' title='bbox 593 3575 678 3607; x_wconf 91' lang='lat' dir='ltr'>neces·</span> 
     </span>
     <span class='ocr_line' id='line_1_43' title="bbox 179 3626 677 3741; baseline -0.004 0"><span class='ocrx_word' id='word_1_291' title='bbox 179 3642 244 3741; x_wconf 55' lang='lat' dir='ltr'>Sarg·</span> <span class='ocrx_word' id='word_1_292' title='bbox 255 3626 596 3741; x_wconf 50' lang='lat' dir='ltr'>iahhlalirlllthtllllgcnllliical</span> <span class='ocrx_word' id='word_1_293' title='bbox 607 3692 677 3740; x_wconf 89' lang='lat' dir='ltr'>word</span> 
     </span>
     <span class='ocr_line' id='line_1_44' title="bbox 178 3758 678 3823; baseline 0.004 -18"><span class='ocrx_word' id='word_1_294' title='bbox 178 3758 220 3807; x_wconf 76' lang='lat' dir='ltr'>for</span> <span class='ocrx_word' id='word_1_295' title='bbox 229 3775 245 3807; x_wconf 92' lang='lat' dir='ltr'>a</span> <span class='ocrx_word' id='word_1_296' title='bbox 255 3759 350 3807; x_wconf 86' lang='lat' dir='ltr'>drama.</span> <span class='ocrx_word' id='word_1_297' title='bbox 376 3759 433 3807; x_wconf 91' lang='lat' dir='ltr'>The</span> <span class='ocrx_word' id='word_1_298' title='bbox 444 3760 607 3823; x_wconf 86' lang='lat' dir='ltr'>comparison</span> <span class='ocrx_word' id='word_1_299' title='bbox 621 3775 678 3821; x_wconf 90' lang='lat' dir='ltr'>sug-</span> 
     </span>
    </p>
   </div>
   <div class='ocr_carea' id='block_1_10' title="bbox 729 3494 1230 3821">
    <p class='ocr_par' dir='ltr' id='par_1_10' title="bbox 729 3494 1230 3821">
     <span class='ocr_line' id='line_1_45' title="bbox 731 3494 1228 3556; baseline -0.004 -14"><span class='ocrx_word' id='word_1_300' title='bbox 731 3495 808 3542; x_wconf 84' lang='lat' dir='ltr'>enim</span> <span class='ocrx_word' id='word_1_301' title='bbox 829 3502 860 3543; x_wconf 91' lang='lat' dir='ltr'>tu</span> <span class='ocrx_word' id='word_1_302' title='bbox 878 3494 904 3542; x_wconf 89' lang='lat' dir='ltr'>is</span> <span class='ocrx_word' id='word_1_303' title='bbox 928 3508 970 3551; x_wconf 83' lang='lat' dir='ltr'>es,</span> <span class='ocrx_word' id='word_1_304' title='bbox 989 3502 1045 3549; x_wconf 81' lang='lat' dir='ltr'>etc,</span> <span class='ocrx_word' id='word_1_305' title='bbox 1056 3495 1106 3556; x_wconf 88' lang='lat' dir='ltr'>sor</span> <span class='ocrx_word' id='word_1_306' title='bbox 1129 3494 1228 3541; x_wconf 77' lang='lat' dir='ltr'>neither</span> 
     </span>
     <span class='ocr_line' id='line_1_46' title="bbox 729 3561 1227 3624; baseline -0.002 -17"><span class='ocrx_word' id='word_1_307' title='bbox 729 3577 774 3608; x_wconf 83' lang='lat' dir='ltr'>ore</span> <span class='ocrx_word' id='word_1_308' title='bbox 797 3578 850 3624; x_wconf 86' lang='lat' dir='ltr'>you</span> <span class='ocrx_word' id='word_1_309' title='bbox 873 3562 916 3608; x_wconf 83' lang='lat' dir='ltr'>tlre</span> <span class='ocrx_word' id='word_1_310' title='bbox 940 3576 1002 3607; x_wconf 86' lang='lat' dir='ltr'>man</span> <span class='ocrx_word' id='word_1_311' title='bbox 1032 3567 1075 3606; x_wconf 89' lang='lat' dir='ltr'>not</span> <span class='ocrx_word' id='word_1_312' title='bbox 1101 3567 1125 3607; x_wconf 84' lang='lat' dir='ltr'>to</span> <span class='ocrx_word' id='word_1_313' title='bbox 1153 3561 1227 3606; x_wconf 86' lang='lat' dir='ltr'>know</span> 
     </span>
     <span class='ocr_line' id='line_1_47' title="bbox 730 3627 1228 3689; baseline -0.008 -14"><span class='ocrx_word' id='word_1_314' title='bbox 730 3628 802 3675; x_wconf 76' lang='lat' dir='ltr'>what</span> <span class='ocrx_word' id='word_1_315' title='bbox 817 3644 870 3689; x_wconf 82' lang='lat' dir='ltr'>you</span> <span class='ocrx_word' id='word_1_316' title='bbox 893 3643 945 3682; x_wconf 83' lang='lat' dir='ltr'>ore,</span> <span class='ocrx_word' id='word_1_317' title='bbox 966 3628 1022 3674; x_wconf 84' lang='lat' dir='ltr'>oud</span> <span class='ocrx_word' id='word_1_318' title='bbox 1043 3633 1088 3673; x_wconf 88' lang='lat' dir='ltr'>not</span> <span class='ocrx_word' id='word_1_319' title='bbox 1106 3635 1131 3675; x_wconf 86' lang='lat' dir='ltr'>to</span> <span class='ocrx_word' id='word_1_320' title='bbox 1153 3627 1228 3673; x_wconf 79' lang='lat' dir='ltr'>tlrinl</span> 
     </span>
     <span class='ocr_line' id='line_1_48' title="bbox 730 3694 1228 3754; baseline -0.002 -14"><span class='ocrx_word' id='word_1_321' title='bbox 730 3694 786 3740; x_wconf 77' lang='lat' dir='ltr'>that</span> <span class='ocrx_word' id='word_1_322' title='bbox 808 3695 849 3740; x_wconf 77' lang='lat' dir='ltr'>the</span> <span class='ocrx_word' id='word_1_323' title='bbox 866 3695 953 3754; x_wconf 80' lang='lat' dir='ltr'>people</span> <span class='ocrx_word' id='word_1_324' title='bbox 976 3709 1020 3740; x_wconf 82' lang='lat' dir='ltr'>ore</span> <span class='ocrx_word' id='word_1_325' title='bbox 1041 3695 1148 3739; x_wconf 85' lang='lat' dir='ltr'>envious</span> <span class='ocrx_word' id='word_1_326' title='bbox 1170 3694 1228 3740; x_wconf 81' lang='lat' dir='ltr'>wlro</span> 
     </span>
     <span class='ocr_line' id='line_1_49' title="bbox 732 3759 1230 3821; baseline 0 -15"><span class='ocrx_word' id='word_1_327' title='bbox 732 3760 762 3806; x_wconf 85' lang='lat' dir='ltr'>do</span> <span class='ocrx_word' id='word_1_328' title='bbox 775 3766 819 3807; x_wconf 86' lang='lat' dir='ltr'>not</span> <span class='ocrx_word' id='word_1_329' title='bbox 827 3762 928 3808; x_wconf 66' lang='lat' dir='ltr'>admira</span> <span class='ocrx_word' id='word_1_330' title='bbox 934 3776 987 3821; x_wconf 83' lang='lat' dir='ltr'>you</span> <span class='ocrx_word' id='word_1_331' title='bbox 997 3759 1088 3807; x_wconf 76' lang='lat' dir='ltr'>rather</span> <span class='ocrx_word' id='word_1_332' title='bbox 1096 3759 1161 3806; x_wconf 82' lang='lat' dir='ltr'>tlrun</span> <span class='ocrx_word' id='word_1_333' title='bbox 1174 3761 1230 3807; x_wconf 70' lang='lat' dir='ltr'>that</span> 
     </span>
    </p>
   </div>
   <div class='ocr_carea' id='block_1_11' title="bbox 0 0 1292 4200">
    <p class='ocr_par' dir='ltr' id='par_1_11' title="bbox 0 0 1292 4200">
     <span class='ocr_line' id='line_1_50' title="bbox 0 0 1292 4200; baseline 0 1"><span class='ocrx_word' id='word_1_334' title='bbox 0 0 1292 4200; x_wconf 95' lang='lat' dir='ltr'> </span> 
     </span>
    </p>
   </div>
  </div>
 </body>
</html>
