<?xml version="1.0" encoding="UTF-8"?>
<!DOCTYPE html PUBLIC "-//W3C//DTD XHTML 1.0 Transitional//EN"
    "http://www.w3.org/TR/xhtml1/DTD/xhtml1-transitional.dtd">
<html xmlns="http://www.w3.org/1999/xhtml" xml:lang="en" lang="en">
 <head>
  <title>
</title>
<meta http-equiv="Content-Type" content="text/html;charset=utf-8" />
  <meta name='ocr-system' content='tesseract 3.04.00' />
  <meta name='ocr-capabilities' content='ocr_page ocr_carea ocr_par ocr_line ocrx_word'/>
</head>
<body>
  <div class='ocr_page' id='page_1' title='image "./selectedletters00unkngoog_0284.png"; bbox 0 0 2575 4200; ppageno 0'>
   <div class='ocr_carea' id='block_1_1' title="bbox 198 226 1220 290">
    <p class='ocr_par' dir='ltr' id='par_1_1' title="bbox 198 226 1220 290">
     <span class='ocr_line' id='line_1_1' title="bbox 198 226 1220 290; baseline -0.005 -12"><span class='ocrx_word' id='word_1_1' title='bbox 198 230 246 280; x_wconf 85' lang='lat'>202</span> <span class='ocrx_word' id='word_1_2' title='bbox 537 228 705 277; x_wconf 87' lang='lat' dir='ltr'><strong>CICERO&#39;S</strong></span> <span class='ocrx_word' id='word_1_3' title='bbox 730 228 904 277; x_wconf 90' lang='lat' dir='ltr'><strong>LETTERS.</strong></span> <span class='ocrx_word' id='word_1_4' title='bbox 1088 226 1146 290; x_wconf 84' lang='lat' dir='ltr'>[Ep.</span> <span class='ocrx_word' id='word_1_5' title='bbox 1158 227 1220 275; x_wconf 80' lang='lat' dir='ltr'>LXV.</span> 
     </span>
    </p>
   </div>
   <div class='ocr_carea' id='block_1_2' title="bbox 148 396 1264 2098">
    <p class='ocr_par' dir='ltr' id='par_1_2' title="bbox 197 396 1264 1449">
     <span class='ocr_line' id='line_1_2' title="bbox 198 396 1222 479; baseline -0.001 -23"><span class='ocrx_word' id='word_1_6' title='bbox 198 398 265 475; x_wconf 92' lang='lat' dir='ltr'>tur)</span> <span class='ocrx_word' id='word_1_7' title='bbox 280 416 378 477; x_wconf 88' lang='lat' dir='ltr'>quam</span> <span class='ocrx_word' id='word_1_8' title='bbox 396 396 438 461; x_wconf 85' lang='lat' dir='ltr'>ab</span> <span class='ocrx_word' id='word_1_9' title='bbox 455 396 496 461; x_wconf 91' lang='lat' dir='ltr'>iis</span> <span class='ocrx_word' id='word_1_10' title='bbox 512 396 571 479; x_wconf 90' lang='lat' dir='ltr'>qui</span> <span class='ocrx_word' id='word_1_11' title='bbox 587 397 672 461; x_wconf 90' lang='lat' dir='ltr'>duce</span> <span class='ocrx_word' id='word_1_12' title='bbox 690 396 850 477; x_wconf 87' lang='lat' dir='ltr'>Pompeio</span> <span class='ocrx_word' id='word_1_13' title='bbox 865 396 944 458; x_wconf 85' lang='lat' dir='ltr'>freti</span> <span class='ocrx_word' id='word_1_14' title='bbox 961 404 1222 478; x_wconf 83' lang='lat' dir='ltr'>peropportunam</span> 
     </span>
     <span class='ocr_line' id='line_1_3' title="bbox 199 503 1223 587; baseline 0 -24"><span class='ocrx_word' id='word_1_15' title='bbox 199 511 231 563; x_wconf 93' lang='lat' dir='ltr'>et</span> <span class='ocrx_word' id='word_1_16' title='bbox 262 504 362 566; x_wconf 92' lang='lat' dir='ltr'>rebus</span> <span class='ocrx_word' id='word_1_17' title='bbox 391 504 586 568; x_wconf 85' lang='lat' dir='ltr'>domesticis</span> <span class='ocrx_word' id='word_1_18' title='bbox 615 514 650 568; x_wconf 92' lang='lat' dir='ltr'>et</span> <span class='ocrx_word' id='word_1_19' title='bbox 679 504 919 587; x_wconf 84' lang='lat' dir='ltr'>cupiditatibus</span> <span class='ocrx_word' id='word_1_20' title='bbox 949 504 1020 566; x_wconf 91' lang='lat' dir='ltr'>suis</span> <span class='ocrx_word' id='word_1_21' title='bbox 1050 503 1137 565; x_wconf 92' lang='lat' dir='ltr'>illius</span> <span class='ocrx_word' id='word_1_22' title='bbox 1163 503 1223 565; x_wconf 84' lang='lat' dir='ltr'>beli</span> 
     </span>
     <span class='ocr_line' id='line_1_4' title="bbox 198 609 1258 694; baseline -0.004 -22"><span class='ocrx_word' id='word_1_23' title='bbox 198 609 372 673; x_wconf 91' lang='lat' dir='ltr'>victoriam</span> <span class='ocrx_word' id='word_1_24' title='bbox 397 611 471 675; x_wconf 86' lang='lat' dir='ltr'>fore</span> <span class='ocrx_word' id='word_1_25' title='bbox 497 613 671 693; x_wconf 88' lang='lat' dir='ltr'>putabant.</span> <span class='ocrx_word' id='word_1_26' title='bbox 726 612 929 694; x_wconf 91' lang='lat' dir='ltr'>Susceptum</span> <span class='ocrx_word' id='word_1_27' title='bbox 956 611 1082 675; x_wconf 94' lang='lat' dir='ltr'>bellum</span> <span class='ocrx_word' id='word_1_28' title='bbox 1108 621 1156 673; x_wconf 92' lang='lat' dir='ltr'>est</span> <span class='ocrx_word' id='word_1_29' title='bbox 1172 610 1223 692; x_wconf 88' lang='lat' dir='ltr'>qui·</span> <span class='ocrx_word' id='word_1_30' title='bbox 1254 657 1258 668; x_wconf 90' lang='lat'>.</span> 
     </span>
     <span class='ocr_line' id='line_1_5' title="bbox 198 719 1224 802; baseline -0.001 -22"><span class='ocrx_word' id='word_1_31' title='bbox 198 728 335 781; x_wconf 92' lang='lat' dir='ltr'>escente</span> <span class='ocrx_word' id='word_1_32' title='bbox 358 738 422 794; x_wconf 89' lang='lat' dir='ltr'>me,</span> <span class='ocrx_word' id='word_1_33' title='bbox 449 719 624 802; x_wconf 91' lang='lat' dir='ltr'>depulsum</span> <span class='ocrx_word' id='word_1_34' title='bbox 650 740 691 783; x_wconf 84' lang='lat' dir='ltr'>ex</span> <span class='ocrx_word' id='word_1_35' title='bbox 724 720 822 783; x_wconf 88' lang='lat' dir='ltr'>Italia</span> <span class='ocrx_word' id='word_1_36' title='bbox 854 729 1013 782; x_wconf 85' lang='lat' dir='ltr'>manente</span> <span class='ocrx_word' id='word_1_37' title='bbox 1047 740 1109 794; x_wconf 95' lang='lat' dir='ltr'>me,</span> <span class='ocrx_word' id='word_1_38' title='bbox 1135 719 1224 801; x_wconf 88' lang='lat' dir='ltr'>quoad</span> 
     </span>
     <span class='ocr_line' id='line_1_6' title="bbox 198 812 1264 910; baseline 0 -23"><span class='ocrx_word' id='word_1_39' title='bbox 198 826 301 908; x_wconf 92' lang='lat' dir='ltr'>potui,</span> <span class='ocrx_word' id='word_1_40' title='bbox 317 827 375 889; x_wconf 92' lang='lat' dir='ltr'>sed</span> <span class='ocrx_word' id='word_1_41' title='bbox 388 826 491 890; x_wconf 92' lang='lat' dir='ltr'>valuit</span> <span class='ocrx_word' id='word_1_42' title='bbox 509 828 596 909; x_wconf 90' lang='lat' dir='ltr'>apud</span> <span class='ocrx_word' id='word_1_43' title='bbox 614 848 668 890; x_wconf 92' lang='lat' dir='ltr'>me</span> <span class='ocrx_word' id='word_1_44' title='bbox 684 829 760 910; x_wconf 92' lang='lat' dir='ltr'>plus</span> <span class='ocrx_word' id='word_1_45' title='bbox 777 829 884 909; x_wconf 91' lang='lat' dir='ltr'>pudor</span> <span class='ocrx_word' id='word_1_46' title='bbox 900 847 994 891; x_wconf 91' lang='lat' dir='ltr'>meus</span> <span class='ocrx_word' id='word_1_47' title='bbox 1012 848 1112 909; x_wconf 92' lang='lat' dir='ltr'>quam</span> <span class='ocrx_word' id='word_1_48' title='bbox 1128 828 1223 899; x_wconf 71' lang='lat' dir='ltr'>timon</span> <span class='ocrx_word' id='word_1_49' title='bbox 1262 812 1264 815; x_wconf 43' lang='grc'>’</span> 
     </span>
     <span class='ocr_line' id='line_1_7' title="bbox 197 932 1224 1017; baseline 0.001 -23"><span class='ocrx_word' id='word_1_50' title='bbox 197 932 324 997; x_wconf 90' lang='lat' dir='ltr'>veritus</span> <span class='ocrx_word' id='word_1_51' title='bbox 349 955 422 997; x_wconf 92' lang='lat' dir='ltr'>sum</span> <span class='ocrx_word' id='word_1_52' title='bbox 449 935 568 999; x_wconf 86' lang='lat' dir='ltr'>deesse</span> <span class='ocrx_word' id='word_1_53' title='bbox 594 934 731 1016; x_wconf 91' lang='lat' dir='ltr'>Pompei</span> <span class='ocrx_word' id='word_1_54' title='bbox 756 935 865 1010; x_wconf 92' lang='lat' dir='ltr'>saluti,</span> <span class='ocrx_word' id='word_1_55' title='bbox 884 955 960 999; x_wconf 90' lang='lat' dir='ltr'>cum</span> <span class='ocrx_word' id='word_1_56' title='bbox 985 934 1042 997; x_wconf 93' lang='lat' dir='ltr'>ille</span> <span class='ocrx_word' id='word_1_57' title='bbox 1067 934 1224 1017; x_wconf 90' lang='lat' dir='ltr'>aliquando</span> 
     </span>
     <span class='ocr_line' id='line_1_8' title="bbox 198 1042 1225 1125; baseline 0 -22"><span class='ocrx_word' id='word_1_58' title='bbox 198 1061 265 1104; x_wconf 90' lang='lat' dir='ltr'>non</span> <span class='ocrx_word' id='word_1_59' title='bbox 283 1042 447 1106; x_wconf 82' lang='lat' dir='ltr'>defuisset</span> <span class='ocrx_word' id='word_1_60' title='bbox 464 1063 569 1107; x_wconf 89' lang='lat' dir='ltr'>meae.</span> <span class='ocrx_word' id='word_1_61' title='bbox 620 1044 739 1125; x_wconf 91' lang='lat' dir='ltr'>Itaque</span> <span class='ocrx_word' id='word_1_62' title='bbox 756 1044 809 1105; x_wconf 92' lang='lat' dir='ltr'>vel</span> <span class='ocrx_word' id='word_1_63' title='bbox 826 1042 936 1107; x_wconf 90' lang='lat' dir='ltr'>officio</span> <span class='ocrx_word' id='word_1_64' title='bbox 952 1043 1005 1106; x_wconf 93' lang='lat' dir='ltr'>vel</span> <span class='ocrx_word' id='word_1_65' title='bbox 1030 1043 1120 1105; x_wconf 82' lang='lat' dir='ltr'>fama</span> <span class='ocrx_word' id='word_1_66' title='bbox 1143 1044 1225 1106; x_wconf 85' lang='lat' dir='ltr'>bono</span> 
     </span>
     <span class='ocr_line' id='line_1_9' title="bbox 198 1150 1226 1233; baseline -0.001 -22"><span class='ocrx_word' id='word_1_67' title='bbox 198 1170 271 1212; x_wconf 90' lang='lat' dir='ltr'>rum</span> <span class='ocrx_word' id='word_1_68' title='bbox 295 1150 348 1213; x_wconf 89' lang='lat' dir='ltr'>vel</span> <span class='ocrx_word' id='word_1_69' title='bbox 373 1151 500 1232; x_wconf 92' lang='lat' dir='ltr'>pudore</span> <span class='ocrx_word' id='word_1_70' title='bbox 523 1152 643 1226; x_wconf 91' lang='lat' dir='ltr'>victus,</span> <span class='ocrx_word' id='word_1_71' title='bbox 670 1161 707 1214; x_wconf 94' lang='lat' dir='ltr'>ut</span> <span class='ocrx_word' id='word_1_72' title='bbox 733 1152 767 1213; x_wconf 92' lang='lat' dir='ltr'>in</span> <span class='ocrx_word' id='word_1_73' title='bbox 791 1151 914 1214; x_wconf 87' lang='lat' dir='ltr'>fabulis</span> <span class='ocrx_word' id='word_1_74' title='bbox 939 1150 1173 1233; x_wconf 87' lang='lat' dir='ltr'>Amphiaraus,</span> <span class='ocrx_word' id='word_1_75' title='bbox 1190 1150 1226 1212; x_wconf 93' lang='lat' dir='ltr'>sic</span> 
     </span>
     <span class='ocr_line' id='line_1_10' title="bbox 198 1257 1224 1341; baseline 0 -21"><span class='ocrx_word' id='word_1_76' title='bbox 198 1277 260 1340; x_wconf 91' lang='lat' dir='ltr'>ego</span> <span class='ocrx_word' id='word_1_77' title='bbox 280 1260 445 1340; x_wconf 86' lang='lat' dir='ltr'>‘prudens</span> <span class='ocrx_word' id='word_1_78' title='bbox 462 1269 496 1322; x_wconf 95' lang='lat' dir='ltr'>et</span> <span class='ocrx_word' id='word_1_79' title='bbox 513 1260 624 1324; x_wconf 90' lang='lat' dir='ltr'>sciens</span> <span class='ocrx_word' id='word_1_80' title='bbox 642 1260 683 1323; x_wconf 90' lang='lat' dir='ltr'>ad</span> <span class='ocrx_word' id='word_1_81' title='bbox 701 1270 832 1341; x_wconf 89' lang='lat' dir='ltr'>pestem</span> <span class='ocrx_word' id='word_1_82' title='bbox 850 1269 929 1321; x_wconf 91' lang='lat' dir='ltr'>ante</span> <span class='ocrx_word' id='word_1_83' title='bbox 945 1259 1060 1322; x_wconf 93' lang='lat' dir='ltr'>oculos</span> <span class='ocrx_word' id='word_1_84' title='bbox 1078 1257 1224 1341; x_wconf 89' lang='lat' dir='ltr'>positam’</span> 
     </span>
     <span class='ocr_line' id='line_1_11' title="bbox 197 1366 1226 1449; baseline -0.004 -20"><span class='ocrx_word' id='word_1_85' title='bbox 197 1386 271 1429; x_wconf 93' lang='lat' dir='ltr'>sum</span> <span class='ocrx_word' id='word_1_86' title='bbox 289 1366 485 1447; x_wconf 82' lang='lat' dir='ltr'>profectus;</span> <span class='ocrx_word' id='word_1_87' title='bbox 510 1388 575 1449; x_wconf 92' lang='lat' dir='ltr'>quo</span> <span class='ocrx_word' id='word_1_88' title='bbox 594 1368 627 1429; x_wconf 94' lang='lat' dir='ltr'>in</span> <span class='ocrx_word' id='word_1_89' title='bbox 653 1367 741 1431; x_wconf 94' lang='lat' dir='ltr'>bello</span> <span class='ocrx_word' id='word_1_90' title='bbox 766 1367 850 1430; x_wconf 93' lang='lat' dir='ltr'>nihil</span> <span class='ocrx_word' id='word_1_91' title='bbox 874 1366 1004 1429; x_wconf 89' lang='lat' dir='ltr'>adversi</span> <span class='ocrx_word' id='word_1_92' title='bbox 1029 1367 1150 1430; x_wconf 88' lang='lat' dir='ltr'>accidit</span> <span class='ocrx_word' id='word_1_93' title='bbox 1173 1386 1226 1427; x_wconf 92' lang='lat' dir='ltr'>non</span> 
     </span>
    </p>

    <p class='ocr_par' dir='ltr' id='par_1_3' title="bbox 163 1474 1226 1880">
     <span class='ocr_line' id='line_1_12' title="bbox 163 1474 1226 1559; baseline -0.007 -18"><span class='ocrx_word' id='word_1_94' title='bbox 163 1494 177 1541; x_wconf 89' lang='lat'><em>7</em></span> <span class='ocrx_word' id='word_1_95' title='bbox 197 1474 411 1554; x_wconf 89' lang='lat' dir='ltr'>praedicente</span> <span class='ocrx_word' id='word_1_96' title='bbox 427 1494 490 1539; x_wconf 90' lang='lat' dir='ltr'>me.</span> <span class='ocrx_word' id='word_1_97' title='bbox 542 1475 655 1557; x_wconf 85' lang='lat' dir='ltr'>Quare</span> <span class='ocrx_word' id='word_1_98' title='bbox 672 1476 840 1559; x_wconf 90' lang='lat' dir='ltr'>quoniam,</span> <span class='ocrx_word' id='word_1_99' title='bbox 859 1485 896 1539; x_wconf 90' lang='lat' dir='ltr'>ut</span> <span class='ocrx_word' id='word_1_100' title='bbox 921 1494 1066 1557; x_wconf 86' lang='lat' dir='ltr'>augures</span> <span class='ocrx_word' id='word_1_101' title='bbox 1087 1484 1121 1538; x_wconf 96' lang='lat' dir='ltr'>et</span> <span class='ocrx_word' id='word_1_102' title='bbox 1140 1485 1226 1537; x_wconf 85' lang='lat' dir='ltr'>astro-</span> 
     </span>
     <span class='ocr_line' id='line_1_13' title="bbox 196 1581 1226 1666; baseline -0.002 -23"><span class='ocrx_word' id='word_1_103' title='bbox 196 1581 264 1664; x_wconf 87' lang='lat' dir='ltr'>logi</span> <span class='ocrx_word' id='word_1_104' title='bbox 281 1581 401 1657; x_wconf 91' lang='lat' dir='ltr'>solent,</span> <span class='ocrx_word' id='word_1_105' title='bbox 421 1603 484 1665; x_wconf 91' lang='lat' dir='ltr'>ego</span> <span class='ocrx_word' id='word_1_106' title='bbox 502 1603 634 1666; x_wconf 91' lang='lat' dir='ltr'>quoque</span> <span class='ocrx_word' id='word_1_107' title='bbox 652 1604 759 1666; x_wconf 89' lang='lat' dir='ltr'>augur</span> <span class='ocrx_word' id='word_1_108' title='bbox 774 1583 928 1665; x_wconf 89' lang='lat' dir='ltr'>publicus</span> <span class='ocrx_word' id='word_1_109' title='bbox 946 1603 987 1645; x_wconf 89' lang='lat' dir='ltr'>ex</span> <span class='ocrx_word' id='word_1_110' title='bbox 1009 1583 1094 1645; x_wconf 85' lang='lat' dir='ltr'>meis</span> <span class='ocrx_word' id='word_1_111' title='bbox 1120 1581 1226 1663; x_wconf 88' lang='lat' dir='ltr'>superi-</span> 
     </span>
     <span class='ocr_line' id='line_1_14' title="bbox 197 1688 1226 1774; baseline -0.003 -22"><span class='ocrx_word' id='word_1_112' title='bbox 197 1689 309 1753; x_wconf 90' lang='lat' dir='ltr'>oribus</span> <span class='ocrx_word' id='word_1_113' title='bbox 326 1691 505 1772; x_wconf 88' lang='lat' dir='ltr'>praedictis</span> <span class='ocrx_word' id='word_1_114' title='bbox 523 1692 686 1755; x_wconf 92' lang='lat' dir='ltr'>constitui</span> <span class='ocrx_word' id='word_1_115' title='bbox 702 1693 790 1774; x_wconf 90' lang='lat' dir='ltr'>apud</span> <span class='ocrx_word' id='word_1_116' title='bbox 807 1701 842 1754; x_wconf 92' lang='lat' dir='ltr'>te</span> <span class='ocrx_word' id='word_1_117' title='bbox 863 1692 1102 1754; x_wconf 89' lang='lat' dir='ltr'>auctoritatem</span> <span class='ocrx_word' id='word_1_118' title='bbox 1125 1688 1226 1772; x_wconf 90' lang='lat' dir='ltr'>auguri</span> 
     </span>
     <span class='ocr_line' id='line_1_15' title="bbox 196 1798 1226 1880; baseline -0.002 -20"><span class='ocrx_word' id='word_1_119' title='bbox 196 1807 229 1860; x_wconf 91' lang='lat' dir='ltr'>et</span> <span class='ocrx_word' id='word_1_120' title='bbox 247 1798 461 1862; x_wconf 90' lang='lat' dir='ltr'>divinationis</span> <span class='ocrx_word' id='word_1_121' title='bbox 479 1820 582 1875; x_wconf 89' lang='lat' dir='ltr'>meae,</span> <span class='ocrx_word' id='word_1_122' title='bbox 602 1800 738 1863; x_wconf 91' lang='lat' dir='ltr'>debebit</span> <span class='ocrx_word' id='word_1_123' title='bbox 761 1801 884 1863; x_wconf 89' lang='lat' dir='ltr'>habere</span> <span class='ocrx_word' id='word_1_124' title='bbox 902 1800 1002 1862; x_wconf 89' lang='lat' dir='ltr'>fidem</span> <span class='ocrx_word' id='word_1_125' title='bbox 1019 1808 1137 1862; x_wconf 91' lang='lat' dir='ltr'>nostra</span> <span class='ocrx_word' id='word_1_126' title='bbox 1152 1817 1226 1880; x_wconf 89' lang='lat' dir='ltr'>prae-</span> 
     </span>
    </p>

    <p class='ocr_par' dir='ltr' id='par_1_4' title="bbox 148 1900 1227 2098">
     <span class='ocr_line' id='line_1_16' title="bbox 148 1900 1227 1989; baseline -0.004 -21"><span class='ocrx_word' id='word_1_127' title='bbox 148 1900 151 1907; x_wconf 80' lang='grc'><strong>’</strong></span> <span class='ocrx_word' id='word_1_128' title='bbox 196 1907 308 1970; x_wconf 93' lang='lat' dir='ltr'>dictio.</span> <span class='ocrx_word' id='word_1_129' title='bbox 358 1908 436 1970; x_wconf 94' lang='lat' dir='ltr'>Non</span> <span class='ocrx_word' id='word_1_130' title='bbox 454 1908 556 1989; x_wconf 89' lang='lat' dir='ltr'>igitur</span> <span class='ocrx_word' id='word_1_131' title='bbox 573 1928 613 1970; x_wconf 86' lang='lat' dir='ltr'>ex</span> <span class='ocrx_word' id='word_1_132' title='bbox 629 1908 718 1971; x_wconf 90' lang='lat' dir='ltr'>alitis</span> <span class='ocrx_word' id='word_1_133' title='bbox 736 1908 884 1970; x_wconf 88' lang='lat' dir='ltr'>involatu</span> <span class='ocrx_word' id='word_1_134' title='bbox 908 1928 969 1971; x_wconf 92' lang='lat' dir='ltr'>nec</span> <span class='ocrx_word' id='word_1_135' title='bbox 995 1928 1014 1970; x_wconf 93' lang='lat' dir='ltr'>e</span> <span class='ocrx_word' id='word_1_136' title='bbox 1038 1918 1141 1971; x_wconf 90' lang='lat' dir='ltr'>cantu</span> <span class='ocrx_word' id='word_1_137' title='bbox 1165 1905 1227 1969; x_wconf 92' lang='lat' dir='ltr'>sini-</span> 
     </span>
     <span class='ocr_line' id='line_1_17' title="bbox 196 2013 1226 2098; baseline -0.004 -21"><span class='ocrx_word' id='word_1_138' title='bbox 196 2024 266 2077; x_wconf 90' lang='lat' dir='ltr'>stro</span> <span class='ocrx_word' id='word_1_139' title='bbox 283 2015 417 2089; x_wconf 92' lang='lat' dir='ltr'>oscinis,</span> <span class='ocrx_word' id='word_1_140' title='bbox 436 2024 472 2077; x_wconf 92' lang='lat' dir='ltr'>ut</span> <span class='ocrx_word' id='word_1_141' title='bbox 489 2016 524 2078; x_wconf 92' lang='lat' dir='ltr'>in</span> <span class='ocrx_word' id='word_1_142' title='bbox 541 2025 657 2079; x_wconf 90' lang='lat' dir='ltr'>nostra</span> <span class='ocrx_word' id='word_1_143' title='bbox 673 2015 849 2098; x_wconf 88' lang='lat' dir='ltr'>disciplina</span> <span class='ocrx_word' id='word_1_144' title='bbox 865 2024 927 2091; x_wconf 90' lang='lat' dir='ltr'>est,</span> <span class='ocrx_word' id='word_1_145' title='bbox 947 2036 1009 2079; x_wconf 92' lang='lat' dir='ltr'>nec</span> <span class='ocrx_word' id='word_1_146' title='bbox 1026 2036 1068 2079; x_wconf 87' lang='lat' dir='ltr'>ex</span> <span class='ocrx_word' id='word_1_147' title='bbox 1085 2013 1226 2098; x_wconf 91' lang='lat' dir='ltr'>tripudiis</span> 
     </span>
    </p>
   </div>
   <div class='ocr_carea' id='block_1_3' title="bbox 188 2188 691 2652">
    <p class='ocr_par' dir='ltr' id='par_1_5' title="bbox 188 2188 691 2652">
     <span class='ocr_line' id='line_1_18' title="bbox 228 2188 690 2249; baseline 0.002 -11"><span class='ocrx_word' id='word_1_148' title='bbox 228 2188 251 2238; x_wconf 88' lang='lat'>6.</span> <span class='ocrx_word' id='word_1_149' title='bbox 264 2193 361 2249; x_wconf 88' lang='lat' dir='ltr'>rebus,</span> <span class='ocrx_word' id='word_1_150' title='bbox 375 2197 436 2239; x_wconf 86' lang='lat' dir='ltr'>etc:</span> <span class='ocrx_word' id='word_1_151' title='bbox 454 2190 519 2238; x_wconf 89' lang='lat' dir='ltr'>both</span> <span class='ocrx_word' id='word_1_152' title='bbox 533 2191 625 2240; x_wconf 89' lang='lat' dir='ltr'>Cicero</span> <span class='ocrx_word' id='word_1_153' title='bbox 638 2191 690 2239; x_wconf 93' lang='lat' dir='ltr'>and</span> 
     </span>
     <span class='ocr_line' id='line_1_19' title="bbox 188 2247 691 2321; baseline 0.002 -17"><span class='ocrx_word' id='word_1_154' title='bbox 188 2247 293 2305; x_wconf 84' lang='lat' dir='ltr'>‘Caesar</span> <span class='ocrx_word' id='word_1_155' title='bbox 312 2256 428 2306; x_wconf 88' lang='lat' dir='ltr'>believed</span> <span class='ocrx_word' id='word_1_156' title='bbox 445 2258 502 2305; x_wconf 89' lang='lat' dir='ltr'>that</span> <span class='ocrx_word' id='word_1_157' title='bbox 520 2273 598 2321; x_wconf 90' lang='lat' dir='ltr'>many</span> <span class='ocrx_word' id='word_1_158' title='bbox 616 2260 691 2306; x_wconf 91' lang='lat' dir='ltr'>Pom-</span> 
     </span>
     <span class='ocr_line' id='line_1_20' title="bbox 195 2322 690 2386; baseline 0.006 -16"><span class='ocrx_word' id='word_1_159' title='bbox 195 2323 284 2384; x_wconf 87' lang='lat' dir='ltr'>peians</span> <span class='ocrx_word' id='word_1_160' title='bbox 298 2322 377 2386; x_wconf 88' lang='lat' dir='ltr'>urged</span> <span class='ocrx_word' id='word_1_161' title='bbox 395 2339 429 2371; x_wconf 92' lang='lat' dir='ltr'>on</span> <span class='ocrx_word' id='word_1_162' title='bbox 448 2325 492 2372; x_wconf 92' lang='lat' dir='ltr'>the</span> <span class='ocrx_word' id='word_1_163' title='bbox 505 2324 572 2372; x_wconf 88' lang='lat' dir='ltr'>Civil</span> <span class='ocrx_word' id='word_1_164' title='bbox 587 2325 652 2372; x_wconf 90' lang='lat' dir='ltr'>War</span> <span class='ocrx_word' id='word_1_165' title='bbox 663 2325 690 2373; x_wconf 87' lang='lat' dir='ltr'>in</span> 
     </span>
     <span class='ocr_line' id='line_1_21' title="bbox 195 2388 689 2452; baseline 0.006 -16"><span class='ocrx_word' id='word_1_166' title='bbox 195 2389 239 2437; x_wconf 87' lang='lat' dir='ltr'>the</span> <span class='ocrx_word' id='word_1_167' title='bbox 257 2389 325 2452; x_wconf 89' lang='lat' dir='ltr'>hope</span> <span class='ocrx_word' id='word_1_168' title='bbox 343 2388 372 2437; x_wconf 81' lang='lat' dir='ltr'>oi</span> <span class='ocrx_word' id='word_1_169' title='bbox 392 2389 514 2452; x_wconf 90' lang='lat' dir='ltr'>relieving</span> <span class='ocrx_word' id='word_1_170' title='bbox 532 2391 689 2439; x_wconf 87' lang='lat' dir='ltr'>themselves</span> 
     </span>
     <span class='ocr_line' id='line_1_22' title="bbox 193 2455 688 2520; baseline 0.006 -18"><span class='ocrx_word' id='word_1_171' title='bbox 193 2455 262 2502; x_wconf 85' lang='lat' dir='ltr'>from</span> <span class='ocrx_word' id='word_1_172' title='bbox 273 2457 339 2504; x_wconf 87' lang='lat' dir='ltr'>their</span> <span class='ocrx_word' id='word_1_173' title='bbox 348 2457 432 2520; x_wconf 89' lang='lat' dir='ltr'>heavy</span> <span class='ocrx_word' id='word_1_174' title='bbox 439 2456 630 2505; x_wconf 91' lang='lat' dir='ltr'>indebtedness.</span> <span class='ocrx_word' id='word_1_175' title='bbox 647 2456 688 2505; x_wconf 82' lang='lat' dir='ltr'>cf.</span> 
     </span>
     <span class='ocr_line' id='line_1_23' title="bbox 195 2521 689 2587; baseline 0.006 -19"><span class='ocrx_word' id='word_1_176' title='bbox 195 2523 248 2569; x_wconf 80' lang='lat' dir='ltr'>Aa.</span> <span class='ocrx_word' id='word_1_177' title='bbox 264 2535 300 2569; x_wconf 90' lang='lat'>11.</span> <span class='ocrx_word' id='word_1_178' title='bbox 317 2521 340 2570; x_wconf 87' lang='lat'>6.</span> <span class='ocrx_word' id='word_1_179' title='bbox 360 2537 392 2582; x_wconf 82' lang='lat'>23</span> <span class='ocrx_word' id='word_1_180' title='bbox 410 2524 483 2570; x_wconf 87' lang='lat' dir='ltr'>Fan.</span> <span class='ocrx_word' id='word_1_181' title='bbox 502 2537 525 2583; x_wconf 91' lang='lat'>7.</span> <span class='ocrx_word' id='word_1_182' title='bbox 544 2538 566 2587; x_wconf 86' lang='lat'>3.</span> <span class='ocrx_word' id='word_1_183' title='bbox 587 2538 618 2581; x_wconf 91' lang='lat'>2;</span> <span class='ocrx_word' id='word_1_184' title='bbox 636 2524 689 2572; x_wconf 88' lang='lat' dir='ltr'>and</span> 
     </span>
     <span class='ocr_line' id='line_1_24' title="bbox 196 2587 689 2652; baseline 0.006 -17"><span class='ocrx_word' id='word_1_185' title='bbox 196 2587 270 2636; x_wconf 84' lang='lat' dir='ltr'>Caes.</span> <span class='ocrx_word' id='word_1_186' title='bbox 283 2589 315 2636; x_wconf 85' lang='lat' dir='ltr'>B.</span> <span class='ocrx_word' id='word_1_187' title='bbox 331 2591 359 2638; x_wconf 92' lang='lat' dir='ltr'>C.</span> <span class='ocrx_word' id='word_1_188' title='bbox 374 2603 394 2652; x_wconf 87' lang='lat'>3.</span> <span class='ocrx_word' id='word_1_189' title='bbox 408 2603 439 2652; x_wconf 85' lang='lat'>32</span> <span class='ocrx_word' id='word_1_190' title='bbox 457 2596 514 2637; x_wconf 85' lang='lat' dir='ltr'>erat</span> <span class='ocrx_word' id='word_1_191' title='bbox 525 2591 604 2650; x_wconf 75' lang='lat' dir='ltr'>plena</span> <span class='ocrx_word' id='word_1_192' title='bbox 622 2592 689 2638; x_wconf 88' lang='lat' dir='ltr'>licto·</span> 
     </span>
    </p>
   </div>
   <div class='ocr_carea' id='block_1_4' title="bbox 742 2189 1227 2651">
    <p class='ocr_par' dir='ltr' id='par_1_6' title="bbox 742 2189 1227 2651">
     <span class='ocr_line' id='line_1_25' title="bbox 743 2189 1227 2256; baseline -0.004 -17"><span class='ocrx_word' id='word_1_193' title='bbox 743 2192 876 2254; x_wconf 85' lang='lat' dir='ltr'>quando:</span> <span class='ocrx_word' id='word_1_194' title='bbox 901 2192 1024 2256; x_wconf 90' lang='lat' dir='ltr'>Pompey,</span> <span class='ocrx_word' id='word_1_195' title='bbox 1048 2191 1110 2239; x_wconf 90' lang='lat' dir='ltr'>who</span> <span class='ocrx_word' id='word_1_196' title='bbox 1133 2190 1182 2239; x_wconf 93' lang='lat' dir='ltr'>had</span> <span class='ocrx_word' id='word_1_197' title='bbox 1200 2189 1227 2236; x_wconf 91' lang='lat' dir='ltr'>al·</span> 
     </span>
     <span class='ocr_line' id='line_1_26' title="bbox 742 2257 1226 2307; baseline -0.01 -3"><span class='ocrx_word' id='word_1_198' title='bbox 742 2257 826 2307; x_wconf 91' lang='lat' dir='ltr'>lowed</span> <span class='ocrx_word' id='word_1_199' title='bbox 843 2258 935 2306; x_wconf 89' lang='lat' dir='ltr'>Cicero</span> <span class='ocrx_word' id='word_1_200' title='bbox 948 2265 976 2305; x_wconf 91' lang='lat' dir='ltr'>to</span> <span class='ocrx_word' id='word_1_201' title='bbox 988 2257 1021 2306; x_wconf 91' lang='lat' dir='ltr'>be</span> <span class='ocrx_word' id='word_1_202' title='bbox 1033 2257 1121 2306; x_wconf 85' lang='lat' dir='ltr'>exiled</span> <span class='ocrx_word' id='word_1_203' title='bbox 1132 2258 1226 2306; x_wconf 85' lang='lat' dir='ltr'>without</span> 
     </span>
     <span class='ocr_line' id='line_1_27' title="bbox 742 2324 1226 2387; baseline -0.006 -15"><span class='ocrx_word' id='word_1_204' title='bbox 742 2332 850 2387; x_wconf 89' lang='lat' dir='ltr'>protest,</span> <span class='ocrx_word' id='word_1_205' title='bbox 863 2324 968 2372; x_wconf 84' lang='lat' dir='ltr'>exerted</span> <span class='ocrx_word' id='word_1_206' title='bbox 985 2324 1093 2372; x_wconf 89' lang='lat' dir='ltr'>himself</span> <span class='ocrx_word' id='word_1_207' title='bbox 1110 2332 1138 2372; x_wconf 90' lang='lat' dir='ltr'>at</span> <span class='ocrx_word' id='word_1_208' title='bbox 1149 2325 1195 2372; x_wconf 89' lang='lat' dir='ltr'>last</span> <span class='ocrx_word' id='word_1_209' title='bbox 1204 2330 1226 2368; x_wconf 92' lang='lat' dir='ltr'>to</span> 
     </span>
     <span class='ocr_line' id='line_1_28' title="bbox 743 2387 1225 2440; baseline -0.008 -2"><span class='ocrx_word' id='word_1_210' title='bbox 743 2406 832 2438; x_wconf 89' lang='lat' dir='ltr'>secure</span> <span class='ocrx_word' id='word_1_211' title='bbox 845 2390 885 2440; x_wconf 90' lang='lat' dir='ltr'>his</span> <span class='ocrx_word' id='word_1_212' title='bbox 897 2391 981 2438; x_wconf 85' lang='lat' dir='ltr'>recall.</span> <span class='ocrx_word' id='word_1_213' title='bbox 990 2419 1023 2426; x_wconf 94' lang='lat'><em>-</em></span> <span class='ocrx_word' id='word_1_214' title='bbox 1035 2398 1069 2439; x_wconf 93' lang='lat' dir='ltr'>ut</span> <span class='ocrx_word' id='word_1_215' title='bbox 1087 2391 1117 2439; x_wconf 89' lang='lat' dir='ltr'>in</span> <span class='ocrx_word' id='word_1_216' title='bbox 1136 2387 1225 2438; x_wconf 77' lang='lat' dir='ltr'>fabulis</span> 
     </span>
     <span class='ocr_line' id='line_1_29' title="bbox 743 2454 1226 2519; baseline -0.008 -14"><span class='ocrx_word' id='word_1_217' title='bbox 743 2457 958 2519; x_wconf 82' lang='lat' dir='ltr'>Amphiaraus:</span> <span class='ocrx_word' id='word_1_218' title='bbox 988 2458 1171 2519; x_wconf 85' lang='lat' dir='ltr'>Amphiaraus,</span> <span class='ocrx_word' id='word_1_219' title='bbox 1192 2454 1226 2501; x_wconf 87' lang='lat' dir='ltr'>the</span> 
     </span>
     <span class='ocr_line' id='line_1_30' title="bbox 743 2519 1226 2580; baseline -0.01 -8"><span class='ocrx_word' id='word_1_220' title='bbox 743 2539 806 2580; x_wconf 90' lang='lat' dir='ltr'>seer,</span> <span class='ocrx_word' id='word_1_221' title='bbox 824 2524 935 2572; x_wconf 82' lang='lat' dir='ltr'>ioresaw</span> <span class='ocrx_word' id='word_1_222' title='bbox 952 2523 1010 2570; x_wconf 90' lang='lat' dir='ltr'>that</span> <span class='ocrx_word' id='word_1_223' title='bbox 1033 2524 1067 2571; x_wconf 93' lang='lat' dir='ltr'>he</span> <span class='ocrx_word' id='word_1_224' title='bbox 1090 2521 1184 2571; x_wconf 91' lang='lat' dir='ltr'>should</span> <span class='ocrx_word' id='word_1_225' title='bbox 1201 2519 1226 2566; x_wconf 89' lang='lat' dir='ltr'>be</span> 
     </span>
     <span class='ocr_line' id='line_1_31' title="bbox 742 2589 1225 2651; baseline -0.012 -13"><span class='ocrx_word' id='word_1_226' title='bbox 742 2589 833 2638; x_wconf 90' lang='lat' dir='ltr'>ruined</span> <span class='ocrx_word' id='word_1_227' title='bbox 842 2590 868 2637; x_wconf 91' lang='lat' dir='ltr'>in</span> <span class='ocrx_word' id='word_1_228' title='bbox 878 2590 923 2637; x_wconf 89' lang='lat' dir='ltr'>the</span> <span class='ocrx_word' id='word_1_229' title='bbox 930 2590 1046 2651; x_wconf 86' lang='lat' dir='ltr'>struggle</span> <span class='ocrx_word' id='word_1_230' title='bbox 1055 2589 1086 2637; x_wconf 83' lang='lat' dir='ltr'>of</span> <span class='ocrx_word' id='word_1_231' title='bbox 1097 2591 1144 2642; x_wconf 91' lang='lat' dir='ltr'>the</span> <span class='ocrx_word' id='word_1_232' title='bbox 1154 2589 1225 2638; x_wconf 88' lang='lat' dir='ltr'>Seven</span> 
     </span>
    </p>
   </div>
   <div class='ocr_carea' id='block_1_5' title="bbox 186 2657 690 3052">
    <p class='ocr_par' dir='ltr' id='par_1_7' title="bbox 186 2657 690 3052">
     <span class='ocr_line' id='line_1_32' title="bbox 195 2657 689 2721; baseline 0.006 -20"><span class='ocrx_word' id='word_1_233' title='bbox 195 2671 253 2701; x_wconf 89' lang='lat' dir='ltr'>rum</span> <span class='ocrx_word' id='word_1_234' title='bbox 267 2663 291 2702; x_wconf 90' lang='lat' dir='ltr'>et</span> <span class='ocrx_word' id='word_1_235' title='bbox 306 2657 471 2717; x_wconf 80' lang='lat' dir='ltr'>imperiorum</span> <span class='ocrx_word' id='word_1_236' title='bbox 485 2659 629 2717; x_wconf 73' lang='lat' dir='ltr'>provincia,</span> <span class='ocrx_word' id='word_1_237' title='bbox 641 2658 689 2721; x_wconf 84' lang='lat' dir='ltr'>dif-</span> 
     </span>
     <span class='ocr_line' id='line_1_33' title="bbox 186 2721 688 2786; baseline 0.006 -19"><span class='ocrx_word' id='word_1_238' title='bbox 186 2721 259 2783; x_wconf 64' lang='lat' dir='ltr'>scorta</span> <span class='ocrx_word' id='word_1_239' title='bbox 276 2723 410 2785; x_wconf 73' lang='lat' dir='ltr'>praefectis</span> <span class='ocrx_word' id='word_1_240' title='bbox 432 2730 507 2786; x_wconf 86' lang='lat' dir='ltr'>atque</span> <span class='ocrx_word' id='word_1_241' title='bbox 524 2725 688 2780; x_wconf 84' lang='lat' dir='ltr'>exactoribus,</span> 
     </span>
     <span class='ocr_line' id='line_1_34' title="bbox 194 2789 689 2851; baseline 0.01 -18"><span class='ocrx_word' id='word_1_242' title='bbox 194 2789 241 2850; x_wconf 86' lang='lat' dir='ltr'>qui</span> <span class='ocrx_word' id='word_1_243' title='bbox 247 2794 350 2848; x_wconf 79' lang='lat' dir='ltr'>praeter</span> <span class='ocrx_word' id='word_1_244' title='bbox 361 2790 499 2849; x_wconf 83' lang='lat' dir='ltr'>imperatas</span> <span class='ocrx_word' id='word_1_245' title='bbox 509 2792 633 2851; x_wconf 82' lang='lat' dir='ltr'>pecunias</span> <span class='ocrx_word' id='word_1_246' title='bbox 644 2806 689 2838; x_wconf 83' lang='lat' dir='ltr'>suo</span> 
     </span>
     <span class='ocr_line' id='line_1_35' title="bbox 193 2855 688 2917; baseline 0.006 -17"><span class='ocrx_word' id='word_1_247' title='bbox 193 2855 268 2902; x_wconf 88' lang='lat' dir='ltr'>etiam</span> <span class='ocrx_word' id='word_1_248' title='bbox 273 2857 377 2915; x_wconf 85' lang='lat' dir='ltr'>privato</span> <span class='ocrx_word' id='word_1_249' title='bbox 385 2858 528 2917; x_wconf 82' lang='lat' dir='ltr'>compendio</span> <span class='ocrx_word' id='word_1_250' title='bbox 535 2857 688 2914; x_wconf 81' lang='lat' dir='ltr'>serm&#39;ebant;</span> 
     </span>
     <span class='ocr_line' id='line_1_36' title="bbox 194 2921 689 2987; baseline 0.008 -20"><span class='ocrx_word' id='word_1_251' title='bbox 194 2921 345 2969; x_wconf 82' lang='lat' dir='ltr'>dictitabant</span> <span class='ocrx_word' id='word_1_252' title='bbox 354 2923 422 2969; x_wconf 85' lang='lat' dir='ltr'>enim</span> <span class='ocrx_word' id='word_1_253' title='bbox 436 2939 461 2969; x_wconf 88' lang='lat' dir='ltr'>se</span> <span class='ocrx_word' id='word_1_254' title='bbox 472 2923 544 2970; x_wconf 86' lang='lat' dir='ltr'>domo</span> <span class='ocrx_word' id='word_1_255' title='bbox 550 2925 689 2987; x_wconf 80' lang='lat' dir='ltr'>patriaque</span> 
     </span>
     <span class='ocr_line' id='line_1_37' title="bbox 193 2988 690 3052; baseline 0.006 -18"><span class='ocrx_word' id='word_1_256' title='bbox 193 2988 310 3048; x_wconf 81' lang='lat' dir='ltr'>expulsos</span> <span class='ocrx_word' id='word_1_257' title='bbox 327 2989 442 3036; x_wconf 79' lang='lat' dir='ltr'>omnibus</span> <span class='ocrx_word' id='word_1_258' title='bbox 459 2992 604 3037; x_wconf 86' lang='lat' dir='ltr'>necessariis</span> <span class='ocrx_word' id='word_1_259' title='bbox 620 3005 690 3052; x_wconf 83' lang='lat' dir='ltr'>egere</span> 
     </span>
    </p>
   </div>
   <div class='ocr_carea' id='block_1_6' title="bbox 122 3055 688 3117">
    <p class='ocr_par' dir='ltr' id='par_1_8' title="bbox 122 3055 688 3117">
     <span class='ocr_line' id='line_1_38' title="bbox 122 3055 688 3117; baseline 0.004 -16"><span class='ocrx_word' id='word_1_260' title='bbox 122 3080 124 3085; x_wconf 37' lang='lat' dir='ltr'>r</span> <span class='ocrx_word' id='word_1_261' title='bbox 194 3055 273 3110; x_wconf 89' lang='lat' dir='ltr'>rebus,</span> <span class='ocrx_word' id='word_1_262' title='bbox 280 3061 310 3102; x_wconf 81' lang='lat' dir='ltr'>ut</span> <span class='ocrx_word' id='word_1_263' title='bbox 318 3055 420 3103; x_wconf 81' lang='lat' dir='ltr'>honesta</span> <span class='ocrx_word' id='word_1_264' title='bbox 425 3058 625 3117; x_wconf 82' lang='lat' dir='ltr'>praescriptione</span> <span class='ocrx_word' id='word_1_265' title='bbox 634 3073 688 3104; x_wconf 82' lang='lat' dir='ltr'>rem</span> 
     </span>
    </p>
   </div>
   <div class='ocr_carea' id='block_1_7' title="bbox 193 3122 691 3780">
    <p class='ocr_par' dir='ltr' id='par_1_9' title="bbox 193 3122 691 3780">
     <span class='ocr_line' id='line_1_39' title="bbox 194 3122 689 3185; baseline 0.006 -18"><span class='ocrx_word' id='word_1_266' title='bbox 194 3122 369 3181; x_wconf 81' lang='lat' dir='ltr'>turpissimam</span> <span class='ocrx_word' id='word_1_267' title='bbox 408 3129 523 3184; x_wconf 82' lang='lat' dir='ltr'>tegerent.</span> <span class='ocrx_word' id='word_1_268' title='bbox 544 3152 577 3158; x_wconf 87' lang='lat'>—</span> <span class='ocrx_word' id='word_1_269' title='bbox 597 3123 689 3185; x_wconf 88' lang='lat' dir='ltr'>pudor</span> 
     </span>
     <span class='ocr_line' id='line_1_40' title="bbox 194 3187 689 3252; baseline 0 -17"><span class='ocrx_word' id='word_1_270' title='bbox 194 3201 296 3236; x_wconf 82' lang='lat' dir='ltr'>meus:</span> <span class='ocrx_word' id='word_1_271' title='bbox 315 3187 347 3234; x_wconf 84' lang='lat' dir='ltr'>cf.</span> <span class='ocrx_word' id='word_1_272' title='bbox 361 3189 433 3235; x_wconf 85' lang='lat' dir='ltr'>Fam.</span> <span class='ocrx_word' id='word_1_273' title='bbox 447 3201 469 3249; x_wconf 90' lang='lat'>7.</span> <span class='ocrx_word' id='word_1_274' title='bbox 484 3203 505 3252; x_wconf 85' lang='lat'>3.</span> <span class='ocrx_word' id='word_1_275' title='bbox 522 3203 530 3235; x_wconf 93' lang='lat'>1</span> <span class='ocrx_word' id='word_1_276' title='bbox 545 3191 644 3250; x_wconf 81' lang='lat' dir='ltr'>pudori</span> <span class='ocrx_word' id='word_1_277' title='bbox 655 3195 689 3235; x_wconf 89' lang='lat' dir='ltr'>ta·</span> 
     </span>
     <span class='ocr_line' id='line_1_41' title="bbox 194 3254 688 3318; baseline 0.002 -17"><span class='ocrx_word' id='word_1_278' title='bbox 194 3271 251 3301; x_wconf 83' lang='lat' dir='ltr'>nien</span> <span class='ocrx_word' id='word_1_279' title='bbox 264 3255 348 3302; x_wconf 87' lang='lat' dir='ltr'>malni</span> <span class='ocrx_word' id='word_1_280' title='bbox 356 3254 495 3317; x_wconf 83' lang='lat' dir='ltr'>famaeque</span> <span class='ocrx_word' id='word_1_281' title='bbox 510 3257 593 3302; x_wconf 87' lang='lat' dir='ltr'>cedere</span> <span class='ocrx_word' id='word_1_282' title='bbox 610 3271 688 3318; x_wconf 84' lang='lat' dir='ltr'>quam</span> 
     </span>
     <span class='ocr_line' id='line_1_42' title="bbox 193 3322 688 3379; baseline 0.004 -13"><span class='ocrx_word' id='word_1_283' title='bbox 193 3322 284 3368; x_wconf 85' lang='lat' dir='ltr'>salutis</span> <span class='ocrx_word' id='word_1_284' title='bbox 295 3336 363 3376; x_wconf 83' lang='lat' dir='ltr'>meae</span> <span class='ocrx_word' id='word_1_285' title='bbox 376 3323 500 3369; x_wconf 85' lang='lat' dir='ltr'>rationem</span> <span class='ocrx_word' id='word_1_286' title='bbox 513 3323 602 3370; x_wconf 84' lang='lat' dir='ltr'>ducere</span> <span class='ocrx_word' id='word_1_287' title='bbox 609 3338 620 3379; x_wconf 89' lang='lat'><em>;</em></span> <span class='ocrx_word' id='word_1_288' title='bbox 636 3323 688 3369; x_wconf 83' lang='lat' dir='ltr'>Aa.</span> 
     </span>
     <span class='ocr_line' id='line_1_43' title="bbox 193 3389 690 3450; baseline 0.002 -16"><span class='ocrx_word' id='word_1_289' title='bbox 193 3401 217 3449; x_wconf 88' lang='lat'>9.</span> <span class='ocrx_word' id='word_1_290' title='bbox 238 3401 274 3448; x_wconf 83' lang='lat'>19·</span> <span class='ocrx_word' id='word_1_291' title='bbox 295 3401 308 3434; x_wconf 85' lang='lat'>2</span> <span class='ocrx_word' id='word_1_292' title='bbox 322 3395 463 3449; x_wconf 85' lang='lat' dir='ltr'>pergamus</span> <span class='ocrx_word' id='word_1_293' title='bbox 480 3389 567 3450; x_wconf 74' lang='lat' dir='ltr'>igitur,</span> <span class='ocrx_word' id='word_1_294' title='bbox 583 3424 588 3435; x_wconf 92' lang='lat'>.</span> <span class='ocrx_word' id='word_1_295' title='bbox 602 3423 626 3434; x_wconf 93' lang='lat'>..</span> <span class='ocrx_word' id='word_1_296' title='bbox 646 3404 690 3435; x_wconf 86' lang='lat' dir='ltr'>nec</span> 
     </span>
     <span class='ocr_line' id='line_1_44' title="bbox 193 3455 690 3517; baseline 0.002 -16"><span class='ocrx_word' id='word_1_297' title='bbox 193 3455 334 3501; x_wconf 81' lang='lat' dir='ltr'>mehercule</span> <span class='ocrx_word' id='word_1_298' title='bbox 356 3455 401 3500; x_wconf 85' lang='lat' dir='ltr'>laec</span> <span class='ocrx_word' id='word_1_299' title='bbox 419 3455 493 3517; x_wconf 85' lang='lat' dir='ltr'>facio</span> <span class='ocrx_word' id='word_1_300' title='bbox 516 3456 556 3502; x_wconf 88' lang='lat' dir='ltr'>rei</span> <span class='ocrx_word' id='word_1_301' title='bbox 571 3455 690 3516; x_wconf 81' lang='lat' dir='ltr'>publicae</span> 
     </span>
     <span class='ocr_line' id='line_1_45' title="bbox 193 3520 689 3583; baseline 0.004 -17"><span class='ocrx_word' id='word_1_302' title='bbox 193 3536 276 3577; x_wconf 85' lang='lat' dir='ltr'>causa,</span> <span class='ocrx_word' id='word_1_303' title='bbox 287 3536 363 3582; x_wconf 84' lang='lat' dir='ltr'>quam</span> <span class='ocrx_word' id='word_1_304' title='bbox 370 3520 497 3583; x_wconf 81' lang='lat' dir='ltr'>funditus</span> <span class='ocrx_word' id='word_1_305' title='bbox 506 3521 609 3568; x_wconf 86' lang='lat' dir='ltr'>deletam</span> <span class='ocrx_word' id='word_1_306' title='bbox 619 3527 689 3582; x_wconf 78' lang='lat' dir='ltr'>puto,</span> 
     </span>
     <span class='ocr_line' id='line_1_46' title="bbox 193 3588 690 3649; baseline 0.002 -17"><span class='ocrx_word' id='word_1_307' title='bbox 193 3588 237 3633; x_wconf 88' lang='lat' dir='ltr'>sed</span> <span class='ocrx_word' id='word_1_308' title='bbox 251 3588 352 3649; x_wconf 87' lang='lat' dir='ltr'>nequis</span> <span class='ocrx_word' id='word_1_309' title='bbox 370 3602 409 3633; x_wconf 92' lang='lat' dir='ltr'>me</span> <span class='ocrx_word' id='word_1_310' title='bbox 421 3593 495 3647; x_wconf 81' lang='lat' dir='ltr'>putet</span> <span class='ocrx_word' id='word_1_311' title='bbox 510 3590 641 3649; x_wconf 78' lang='lat' dir='ltr'>ingratum</span> <span class='ocrx_word' id='word_1_312' title='bbox 662 3589 690 3634; x_wconf 88' lang='lat' dir='ltr'>in</span> 
     </span>
     <span class='ocr_line' id='line_1_47' title="bbox 193 3653 691 3716; baseline 0.004 -18"><span class='ocrx_word' id='word_1_313' title='bbox 193 3667 248 3699; x_wconf 89' lang='lat' dir='ltr'>eum</span> <span class='ocrx_word' id='word_1_314' title='bbox 271 3654 317 3716; x_wconf 89' lang='lat' dir='ltr'>qui</span> <span class='ocrx_word' id='word_1_315' title='bbox 336 3668 375 3700; x_wconf 89' lang='lat' dir='ltr'>me</span> <span class='ocrx_word' id='word_1_316' title='bbox 394 3653 489 3700; x_wconf 82' lang='lat' dir='ltr'>levavit</span> <span class='ocrx_word' id='word_1_317' title='bbox 508 3654 541 3700; x_wconf 88' lang='lat' dir='ltr'>iis</span> <span class='ocrx_word' id='word_1_318' title='bbox 558 3655 691 3701; x_wconf 84' lang='lat' dir='ltr'>incommo</span> 
     </span>
     <span class='ocr_line' id='line_1_48' title="bbox 194 3717 690 3780; baseline 0.008 -18"><span class='ocrx_word' id='word_1_319' title='bbox 194 3717 234 3764; x_wconf 83' lang='lat' dir='ltr'>dis</span> <span class='ocrx_word' id='word_1_320' title='bbox 256 3720 347 3780; x_wconf 87' lang='lat' dir='ltr'>quibus</span> <span class='ocrx_word' id='word_1_321' title='bbox 376 3719 441 3765; x_wconf 85' lang='lat' dir='ltr'>idem</span> <span class='ocrx_word' id='word_1_322' title='bbox 466 3719 690 3780; x_wconf 78' lang='lat' dir='ltr'>afficeret—ali-</span> 
     </span>
    </p>
   </div>
   <div class='ocr_carea' id='block_1_8' title="bbox 742 2655 1227 3780">
    <p class='ocr_par' dir='ltr' id='par_1_10' title="bbox 742 2655 1227 3384">
     <span class='ocr_line' id='line_1_49' title="bbox 742 2655 1225 2719; baseline -0.008 -14"><span class='ocrx_word' id='word_1_323' title='bbox 742 2656 843 2719; x_wconf 86' lang='lat' dir='ltr'>against</span> <span class='ocrx_word' id='word_1_324' title='bbox 856 2655 960 2704; x_wconf 91' lang='lat' dir='ltr'>Thebes</span> <span class='ocrx_word' id='word_1_325' title='bbox 974 2655 1017 2718; x_wconf 78' lang='lat' dir='ltr'>(cf.</span> <span class='ocrx_word' id='word_1_326' title='bbox 1028 2656 1156 2712; x_wconf 86' lang='lat' dir='ltr'>Ribbeck,</span> <span class='ocrx_word' id='word_1_327' title='bbox 1166 2657 1225 2702; x_wconf 84' lang='lat' dir='ltr'>Rin-</span> 
     </span>
     <span class='ocr_line' id='line_1_50' title="bbox 748 2721 1226 2786; baseline -0.015 -15"><span class='ocrx_word' id='word_1_328' title='bbox 748 2725 823 2786; x_wconf 86' lang='lat' dir='ltr'>Trag.</span> <span class='ocrx_word' id='word_1_329' title='bbox 835 2722 904 2785; x_wconf 81' lang='lat'>487).</span> <span class='ocrx_word' id='word_1_330' title='bbox 940 2723 1034 2771; x_wconf 90' lang='lat' dir='ltr'>Cicero</span> <span class='ocrx_word' id='word_1_331' title='bbox 1052 2722 1179 2786; x_wconf 87' lang='lat' dir='ltr'>probably</span> <span class='ocrx_word' id='word_1_332' title='bbox 1189 2721 1226 2766; x_wconf 89' lang='lat' dir='ltr'>has</span> 
     </span>
     <span class='ocr_line' id='line_1_51' title="bbox 742 2785 1226 2853; baseline -0.01 -15"><span class='ocrx_word' id='word_1_333' title='bbox 742 2790 768 2838; x_wconf 93' lang='lat' dir='ltr'>in</span> <span class='ocrx_word' id='word_1_334' title='bbox 780 2790 852 2838; x_wconf 92' lang='lat' dir='ltr'>mind</span> <span class='ocrx_word' id='word_1_335' title='bbox 864 2804 937 2838; x_wconf 91' lang='lat' dir='ltr'>some</span> <span class='ocrx_word' id='word_1_336' title='bbox 946 2787 1061 2853; x_wconf 87' lang='lat' dir='ltr'>tragedy,</span> <span class='ocrx_word' id='word_1_337' title='bbox 1072 2789 1183 2850; x_wconf 86' lang='lat' dir='ltr'>perhaps</span> <span class='ocrx_word' id='word_1_338' title='bbox 1191 2785 1226 2832; x_wconf 86' lang='lat' dir='ltr'>the</span> 
     </span>
     <span class='ocr_line' id='line_1_52' title="bbox 743 2852 1226 2921; baseline -0.008 -17"><span class='ocrx_word' id='word_1_339' title='bbox 743 2857 865 2921; x_wconf 90' lang='lat' dir='ltr'>Eriphyle</span> <span class='ocrx_word' id='word_1_340' title='bbox 883 2855 911 2904; x_wconf 79' lang='lat' dir='ltr'>of</span> <span class='ocrx_word' id='word_1_341' title='bbox 930 2856 1027 2904; x_wconf 87' lang='lat' dir='ltr'>Accius</span> <span class='ocrx_word' id='word_1_342' title='bbox 1044 2855 1088 2917; x_wconf 85' lang='lat' dir='ltr'>(cf.</span> <span class='ocrx_word' id='word_1_343' title='bbox 1101 2857 1161 2902; x_wconf 85' lang='lat' dir='ltr'>ibid.</span> <span class='ocrx_word' id='word_1_344' title='bbox 1173 2852 1226 2912; x_wconf 84' lang='lat'>487-</span> 
     </span>
     <span class='ocr_line' id='line_1_53' title="bbox 742 2921 1227 2985; baseline -0.008 -14"><span class='ocrx_word' id='word_1_345' title='bbox 742 2924 811 2985; x_wconf 85' lang='lat'>497),</span> <span class='ocrx_word' id='word_1_346' title='bbox 833 2921 952 2970; x_wconf 82' lang='lat' dir='ltr'>founded</span> <span class='ocrx_word' id='word_1_347' title='bbox 976 2937 1046 2984; x_wconf 91' lang='lat' dir='ltr'>upon</span> <span class='ocrx_word' id='word_1_348' title='bbox 1073 2922 1114 2970; x_wconf 90' lang='lat' dir='ltr'>his</span> <span class='ocrx_word' id='word_1_349' title='bbox 1136 2921 1227 2968; x_wconf 50' lang='lat' dir='ltr'>fate*</span> 
     </span>
     <span class='ocr_line' id='line_1_54' title="bbox 742 2984 1225 3052; baseline -0.014 -14"><span class='ocrx_word' id='word_1_350' title='bbox 742 2990 869 3052; x_wconf 88' lang='lat' dir='ltr'>prudens</span> <span class='ocrx_word' id='word_1_351' title='bbox 893 2997 922 3037; x_wconf 87' lang='lat' dir='ltr'>et</span> <span class='ocrx_word' id='word_1_352' title='bbox 946 2989 1061 3037; x_wconf 85' lang='lat' dir='ltr'>sciens:</span> <span class='ocrx_word' id='word_1_353' title='bbox 1085 2988 1117 3035; x_wconf 80' lang='lat' dir='ltr'>cf.</span> <span class='ocrx_word' id='word_1_354' title='bbox 1140 2989 1185 3049; x_wconf 86' lang='lat' dir='ltr'>Ep.</span> <span class='ocrx_word' id='word_1_355' title='bbox 1204 2984 1225 3030; x_wconf 87' lang='lat'>1.</span> 
     </span>
     <span class='ocr_line' id='line_1_55' title="bbox 744 3055 1226 3119; baseline -0.002 -17"><span class='ocrx_word' id='word_1_356' title='bbox 744 3069 797 3119; x_wconf 79' lang='lat' dir='ltr'>5n.</span> <span class='ocrx_word' id='word_1_357' title='bbox 836 3056 892 3104; x_wconf 91' lang='lat' dir='ltr'>The</span> <span class='ocrx_word' id='word_1_358' title='bbox 915 3055 1010 3118; x_wconf 88' lang='lat' dir='ltr'>phrase</span> <span class='ocrx_word' id='word_1_359' title='bbox 1034 3055 1226 3117; x_wconf 83' lang='lat' dir='ltr'>prudens.··</span> 
     </span>
     <span class='ocr_line' id='line_1_56' title="bbox 742 3112 1227 3186; baseline -0.01 -17"><span class='ocrx_word' id='word_1_360' title='bbox 742 3122 868 3184; x_wconf 84' lang='lat' dir='ltr'>positam</span> <span class='ocrx_word' id='word_1_361' title='bbox 892 3121 1018 3186; x_wconf 91' lang='lat' dir='ltr'>probably</span> <span class='ocrx_word' id='word_1_362' title='bbox 1035 3122 1117 3169; x_wconf 83' lang='lat' dir='ltr'>forms</span> <span class='ocrx_word' id='word_1_363' title='bbox 1135 3112 1227 3182; x_wconf 86' lang='lat' dir='ltr'>partui</span> 
     </span>
     <span class='ocr_line' id='line_1_57' title="bbox 743 3186 1226 3251; baseline -0.01 -16"><span class='ocrx_word' id='word_1_364' title='bbox 743 3196 793 3235; x_wconf 87' lang='lat' dir='ltr'>two</span> <span class='ocrx_word' id='word_1_365' title='bbox 817 3188 910 3236; x_wconf 88' lang='lat' dir='ltr'>iambic</span> <span class='ocrx_word' id='word_1_366' title='bbox 935 3204 1021 3236; x_wconf 90' lang='lat' dir='ltr'>verses</span> <span class='ocrx_word' id='word_1_367' title='bbox 1045 3187 1144 3251; x_wconf 88' lang='lat' dir='ltr'>quoted</span> <span class='ocrx_word' id='word_1_368' title='bbox 1169 3186 1226 3233; x_wconf 77' lang='lat' dir='ltr'>from</span> 
     </span>
     <span class='ocr_line' id='line_1_58' title="bbox 742 3248 1225 3316; baseline 0 -14"><span class='ocrx_word' id='word_1_369' title='bbox 742 3270 815 3302; x_wconf 92' lang='lat' dir='ltr'>some</span> <span class='ocrx_word' id='word_1_370' title='bbox 838 3255 919 3316; x_wconf 89' lang='lat' dir='ltr'>tragic</span> <span class='ocrx_word' id='word_1_371' title='bbox 942 3263 1013 3316; x_wconf 92' lang='lat' dir='ltr'>poet.</span> <span class='ocrx_word' id='word_1_372' title='bbox 1049 3254 1091 3302; x_wconf 80' lang='lat' dir='ltr'>Cf.</span> <span class='ocrx_word' id='word_1_373' title='bbox 1112 3248 1225 3302; x_wconf 76' lang='lat' dir='ltr'>Ribbeck.</span> 
     </span>
     <span class='ocr_line' id='line_1_59' title="bbox 748 3321 1111 3384; baseline -0.006 -16"><span class='ocrx_word' id='word_1_374' title='bbox 748 3322 822 3384; x_wconf 82' lang='lat' dir='ltr'>Trag.</span> <span class='ocrx_word' id='word_1_375' title='bbox 841 3323 913 3369; x_wconf 84' lang='lat' dir='ltr'>Rom.</span> <span class='ocrx_word' id='word_1_376' title='bbox 927 3323 1004 3384; x_wconf 84' lang='lat' dir='ltr'>Frag.</span> <span class='ocrx_word' id='word_1_377' title='bbox 1017 3338 1041 3383; x_wconf 92' lang='lat' dir='ltr'>p.</span> <span class='ocrx_word' id='word_1_378' title='bbox 1056 3321 1111 3384; x_wconf 84' lang='lat'>256.</span> 
     </span>
    </p>

    <p class='ocr_par' dir='ltr' id='par_1_11' title="bbox 742 3386 1226 3780">
     <span class='ocr_line' id='line_1_60' title="bbox 776 3386 1225 3447; baseline -0.004 -12"><span class='ocrx_word' id='word_1_379' title='bbox 776 3401 798 3447; x_wconf 92' lang='lat'>7.</span> <span class='ocrx_word' id='word_1_380' title='bbox 822 3402 879 3435; x_wconf 93' lang='lat' dir='ltr'>non</span> <span class='ocrx_word' id='word_1_381' title='bbox 893 3423 900 3435; x_wconf 91' lang='lat'>.</span> <span class='ocrx_word' id='word_1_382' title='bbox 914 3423 920 3434; x_wconf 95' lang='lat'>.</span> <span class='ocrx_word' id='word_1_383' title='bbox 935 3423 941 3434; x_wconf 90' lang='lat'>.</span> <span class='ocrx_word' id='word_1_384' title='bbox 955 3386 1083 3436; x_wconf 83' lang='lat' dir='ltr'>involatu</span> <span class='ocrx_word' id='word_1_385' title='bbox 1104 3400 1159 3434; x_wconf 89' lang='lat' dir='ltr'>nec</span> <span class='ocrx_word' id='word_1_386' title='bbox 1176 3421 1183 3432; x_wconf 93' lang='lat'>.</span> <span class='ocrx_word' id='word_1_387' title='bbox 1201 3416 1225 3431; x_wconf 85' lang='lat'>.·</span> 
     </span>
     <span class='ocr_line' id='line_1_61' title="bbox 742 3453 1226 3502; baseline -0.014 -1"><span class='ocrx_word' id='word_1_388' title='bbox 742 3455 869 3502; x_wconf 88' lang='lat' dir='ltr'>oscinis:</span> <span class='ocrx_word' id='word_1_389' title='bbox 887 3454 958 3502; x_wconf 89' lang='lat' dir='ltr'>birds</span> <span class='ocrx_word' id='word_1_390' title='bbox 974 3469 1040 3502; x_wconf 88' lang='lat' dir='ltr'>were</span> <span class='ocrx_word' id='word_1_391' title='bbox 1059 3453 1165 3501; x_wconf 90' lang='lat' dir='ltr'>divided</span> <span class='ocrx_word' id='word_1_392' title='bbox 1181 3453 1226 3499; x_wconf 89' lang='lat' dir='ltr'>into</span> 
     </span>
     <span class='ocr_line' id='line_1_62' title="bbox 743 3513 1226 3582; baseline -0.006 -14"><span class='ocrx_word' id='word_1_393' title='bbox 743 3529 794 3568; x_wconf 88' lang='lat' dir='ltr'>two</span> <span class='ocrx_word' id='word_1_394' title='bbox 801 3521 905 3577; x_wconf 90' lang='lat' dir='ltr'>classes,</span> <span class='ocrx_word' id='word_1_395' title='bbox 913 3522 986 3568; x_wconf 88' lang='lat' dir='ltr'>alites</span> <span class='ocrx_word' id='word_1_396' title='bbox 995 3521 1035 3582; x_wconf 89' lang='lat' dir='ltr'>(or</span> <span class='ocrx_word' id='word_1_397' title='bbox 1037 3517 1177 3582; x_wconf 75' lang='lat' dir='ltr'>praepetes)</span> <span class='ocrx_word' id='word_1_398' title='bbox 1186 3513 1226 3565; x_wconf 86' lang='lat' dir='ltr'>aud</span> 
     </span>
     <span class='ocr_line' id='line_1_63' title="bbox 742 3583 1226 3649; baseline -0.008 -15"><span class='ocrx_word' id='word_1_399' title='bbox 742 3590 837 3634; x_wconf 81' lang='lat' dir='ltr'>oscines</span> <span class='ocrx_word' id='word_1_400' title='bbox 844 3603 856 3644; x_wconf 75' lang='lat'>,‘</span> <span class='ocrx_word' id='word_1_401' title='bbox 875 3587 918 3635; x_wconf 89' lang='lat' dir='ltr'>the</span> <span class='ocrx_word' id='word_1_402' title='bbox 930 3587 1009 3635; x_wconf 87' lang='lat' dir='ltr'>l&#39;atter</span> <span class='ocrx_word' id='word_1_403' title='bbox 1021 3602 1086 3649; x_wconf 90' lang='lat' dir='ltr'>gave</span> <span class='ocrx_word' id='word_1_404' title='bbox 1099 3601 1189 3633; x_wconf 91' lang='lat' dir='ltr'>omens</span> <span class='ocrx_word' id='word_1_405' title='bbox 1202 3583 1226 3643; x_wconf 85' lang='lat' dir='ltr'>by</span> 
     </span>
     <span class='ocr_line' id='line_1_64' title="bbox 742 3650 1226 3716; baseline -0.008 -16"><span class='ocrx_word' id='word_1_406' title='bbox 742 3654 852 3715; x_wconf 90' lang='lat' dir='ltr'>singing,</span> <span class='ocrx_word' id='word_1_407' title='bbox 865 3653 910 3701; x_wconf 94' lang='lat' dir='ltr'>the</span> <span class='ocrx_word' id='word_1_408' title='bbox 922 3653 1020 3700; x_wconf 82' lang='lat' dir='ltr'>former</span> <span class='ocrx_word' id='word_1_409' title='bbox 1034 3653 1068 3716; x_wconf 96' lang='lat' dir='ltr'>by</span> <span class='ocrx_word' id='word_1_410' title='bbox 1080 3651 1148 3700; x_wconf 90' lang='lat' dir='ltr'>their</span> <span class='ocrx_word' id='word_1_411' title='bbox 1164 3650 1226 3713; x_wconf 80' lang='lat' dir='ltr'>night</span> 
     </span>
     <span class='ocr_line' id='line_1_65' title="bbox 742 3713 1225 3780; baseline -0.006 -14"><span class='ocrx_word' id='word_1_412' title='bbox 742 3719 794 3766; x_wconf 90' lang='lat' dir='ltr'>and</span> <span class='ocrx_word' id='word_1_413' title='bbox 807 3719 851 3767; x_wconf 90' lang='lat' dir='ltr'>the</span> <span class='ocrx_word' id='word_1_414' title='bbox 863 3721 964 3768; x_wconf 87' lang='lat' dir='ltr'>motion</span> <span class='ocrx_word' id='word_1_415' title='bbox 977 3719 1005 3768; x_wconf 83' lang='lat' dir='ltr'>of</span> <span class='ocrx_word' id='word_1_416' title='bbox 1023 3719 1091 3770; x_wconf 89' lang='lat' dir='ltr'>their</span> <span class='ocrx_word' id='word_1_417' title='bbox 1102 3719 1192 3780; x_wconf 90' lang='lat' dir='ltr'>wings;</span> <span class='ocrx_word' id='word_1_418' title='bbox 1203 3713 1225 3763; x_wconf 80' lang='lat' dir='ltr'>ci·</span> 
     </span>
    </p>
   </div>
   <div class='ocr_carea' id='block_1_9' title="bbox 0 0 1292 4200">
    <p class='ocr_par' dir='ltr' id='par_1_12' title="bbox 0 0 1292 4200">
     <span class='ocr_line' id='line_1_66' title="bbox 0 0 1292 4200; baseline 0 0"><span class='ocrx_word' id='word_1_419' title='bbox 0 0 1292 4200; x_wconf 95' lang='lat' dir='ltr'> </span> 
     </span>
    </p>
   </div>
  </div>
 </body>
</html>
