2575 4200
45 233 113 280 Fam.
127 230 211 296 15.6.]
381 226 549 280 CICERO’S
573 231 747 280 LETTERS.
1040 231 1086 282 145

42 399 183 462 ferrem?
233 400 321 462 Nam
338 400 378 462 ad
395 420 507 462 meum
530 421 666 463 sensum
691 410 725 462 et
750 401 791 462 ad
816 400 894 462 illud
921 400 1087 462 sincerum

41 527 79 570 ac
97 507 219 571 subtile
240 507 402 570 iudicium
426 508 510 570 nihil
535 517 648 590 potest
675 528 749 570 esse
773 507 971 570 laudabilius
988 529 1086 590 quam

43 635 81 677 ea
97 625 154 678 tua
169 616 285 691 oratio,
301 637 386 698 quae
403 626 455 679 est
471 617 512 679 ad
530 637 584 679 me
601 617 786 698 perscripta
802 637 821 679 a
838 617 920 679 meis
937 637 1088 681 necessa-

42 723 108 786 riis.
157 723 226 787 Sed
251 745 383 787 causam
410 745 504 787 meae
528 725 845 788 voluntatis-non
871 725 959 786 enim
979 725 1120 788 dicamz

43 832 232 913 cupiditatis
249 872 295 880 -
312 833 451 914 exposui
487 834 549 895 tibi
581 834 807 915 superioribus
840 828 968 908 litterIs,
1003 853 1088 915 quae

43 940 170 1002 etiamsi
194 961 312 1022 parum
346 941 435 1004 iusta
459 941 521 1004 tibi
546 941 617 1004 visa
641 951 703 1016 est,
730 941 815 1004 hanc
841 951 953 1004 tamen
986 941 1087 1004 habet

44 1048 214 1124 rationem,
248 1070 317 1111 non
350 1060 387 1112 ut
421 1049 519 1112 nimis
556 1051 845 1131 concupiscendus
878 1051 995 1125 honos,
1029 1051 1087 1112 sed

43 1164 162 1230 tamen,
181 1154 211 1218 si
227 1157 400 1220 deferatur
415 1178 434 1220 a
451 1168 579 1232 senatu,
598 1157 737 1220 minime
762 1158 991 1239 aspernandus
1014 1177 1088 1220 esse

44 1264 201 1327 videatur.
247 1265 354 1346 Spero
371 1265 593 1329 autemillum
612 1266 763 1328 ordinem
781 1286 840 1346 pro
858 1265 941 1329 meis
958 1267 1001 1328 ob
1018 1286 1087 1328 rem

45 1392 74 1451 p.
93 1373 258 1454 susceptis
275 1373 446 1436 laboribus
462 1394 516 1436 me
533 1394 601 1436 non
619 1374 796 1456 indignum
814 1375 948 1448 honore,
965 1374 1089 1437 usitato

46 1481 248 1559 praesertim,
275 1481 553 1545 existimaturum.
606 1482 706 1564 Quod
735 1483 763 1544 si
787 1483 842 1545 ita.
857 1483 930 1557 erit,
957 1491 1088 1545 tantum

46 1606 84 1648 ex
99 1596 133 1650 te
149 1598 237 1670 peto,
256 1590 345 1671 quod
362 1589 563 1655 amicissime
581 1590 709 1663 scribis
729 1598 776 1663 ut,
795 1610 870 1652 cum
888 1599 946 1652 tuo
967 1590 1089 1653 iudicio

47 1697 131 1775 quod
147 1697 389 1779 amplissimum
416 1718 491 1760 esse
515 1697 687 1760 arbitraris
714 1698 795 1758 mihi
819 1698 985 1773 tribueris,
1005 1699 1033 1760 si
1057 1699 1089 1762 id

48 1806 130 1884 quod
162 1806 309 1868 maluero
341 1806 509 1880 acciderit,
535 1807 692 1888 gaudeas.
755 1806 812 1870 Sic
832 1807 933 1868 ,enim
966 1806 1089 1869 fecisse

48 1920 79 1972 te
102 1923 134 1974 et
158 1913 307 1976 sensisse
332 1924 366 1976 et
392 1914 567 1994 scripsisse
583 1914 690 1989 video,
710 1934 829 1995 resque
854 1914 926 1994 ipsa
942 1915 1088 1977 declarat

48 2019 105 2080 tibi
130 2021 220 2084 illum
248 2023 411 2084 honorem
436 2032 589 2085 nostrum
620 2022 875 2104 supplicationis
908 2023 1089 2086 iucundum

48 2127 155 2204 fuisse,
174 2131 263 2213 quod
281 2106 458 2193 scribendo
477 2131 616 2194 adfuisti
623 2152 630 2207 ;
652 2132 734 2194 haec
751 2132 839 2193 enim
858 2142 996 2194 senatus
1015 2152 1090 2195 con-

50 2237 131 2300 sulta
146 2258 214 2300 non
232 2239 351 2321 ignoro
371 2240 412 2303 ab
438 2240 650 2303 amicissimis
676 2240 758 2314 eiuS,
778 2240 871 2303 cuius
895 2241 937 2302 de
962 2241 1090 2303 honore

49 2393 152 2457 insignia
160 2396 189 2443 of
198 2412 213 2444 a
222 2396 429 2459 triumph—ad
441 2410 540 2447 meum
590 2400 680 2445 animo
690 2414 776 2445 ¹essem.
784 2426 818 2434 —
827 2405 915 2445 exte:
929 2397 974 2445 the
988 2399 1090 2447 Letters

51 2474 172 2521 sensum,
181 2471 277 2519 etc.‚as
281 2465 370 2527 saras
381 2480 424 2526 my
427 2465 541 2529 scelings
591 2464 658 2513 have
682 2472 729 2512 not
752 2465 813 2527 only
836 2465 880 2511 the
906 2464 1008 2526 regular
1032 2480 1089 2512 con·

48 2530 141 2588 goana'
155 2531 253 2592 rcsting
267 2530 335 2579 one’s
351 2532 454 2592 opinion
472 2538 539 2593 upon
591 2532 718 2579 struction
742 2532 845 2593 aliquid
859 2532 902 2579 abs
919 2538 942 2577 te
959 2538 1024 2593 peta,
1044 2530 1090 2580 but

49 2610 63 2638 a
89 2597 168 2657 really
194 2598 284 2645 honest
304 2598 361 2645 and
380 2598 441 2645 keen
463 2598 541 2660 Jadg·
592 2599 648 2646 also
660 2598 764 2660 aliquid
773 2614 806 2645 ex
817 2604 840 2644 te
851 2604 910 2661 peto
921 2597 972 2644 and
990 2600 1092 2660 aliquid

50 2669 118 2708 ment.

79 2741 99 2773 2.
128 2730 326 2792 superioribus
354 2730 478 2779 litteris:
507 2730 540 2779 cf.

50 2793 107 2841 idem
137 2803 196 2856 post
228 2798 364 2854 iniuriam,
399 2805 456 2854 ete,
492 2798 540 2859 Ep.

591 2671 614 2712 te
629 2671 694 2725 peta.
739 2664 779 2711 Cf.
799 2665 847 2725 Ep.
867 2664 1011 2711 XXXVII.
1027 2678 1037 2711 1
1056 2680 1089 2721 n.;

593 2731 653 2778 LII.
680 2745 693 2778 2
723 2731 881 2792 n.-quod
911 2731 1089 2779 amicissime

592 2798 711 2846 scribis:
724 2798 756 2844 cf.
766 2800 911 2844 existimes.
926 2833 930 2843 .
946 2798 1032 2860 .quad
1045 2834 1050 2843 .
1065 2834 1070 2844 .
1084 2834 1089 2845 .

51 2859 174 2909 XXXIV.
188 2877 218 2926 13
233 2862 476 2925 (endi-honos:
494 2872 541 2911 not
588 2866 707 2926 gaudere,
737 2864 784 2925 Ep.
812 2864 956 2910 XXXVII.
982 2865 1089 2927 3.—id

51 2925 89 2974 the
99 2931 256 2989 supplicatio,
267 2930 315 2979 but
327 2930 371 2978 the
383 2932 540 2992 triumphus.

51 2996 191 3044 *usitato
214 2996 402 3059 praesertim:
427 2998 542 3061 possibly

50 3060 156 3110 athrust
171 3070 198 3110 at
216 3063 285 3111 Cato
301 3063 413 3119 himself,
426 3064 485 3112 who
502 3079 540 3112 se-

51 3127 122 3175 cured
144 3143 161 3176 a
182 3129 370 3191 thanksgiving
392 3130 422 3177 of
445 3138 541 3194 twenty

51 3190 107 3255 days
129 3194 172 3242 for
200 3195 242 3243 his
266 3196 410 3244 son-in-law
433 3197 541 3245 Bibulus

53 3257 107 3318 (Aa.
132 3275 155 3321 7.
180 3276 202 3309 2.
227 3263 263 3325 7),
290 3263 417 3325 although
448 3264 540 3312 Cicero

52 3339 102 3388 says
118 3327 148 3375 of
163 3328 225 3385 him,
239 3331 292 3377 Att.
305 3329 328 3377 6.
340 3329 364 3378 8.
380 3343 411 3394 52
427 3346 476 3392 ega,
490 3332 543 3377 nisi

52 3391 154 3441 Bibulus
172 3398 225 3458 qui,
245 3398 307 3443 dum
330 3413 398 3445 unus
415 3398 492 3445 hosta
512 3400 541 3444 in

52 3458 119 3517 Syria
130 3460 196 3524 fuit,
211 3463 301 3523 pedem
317 3470 395 3523 porta
413 3479 465 3511 non
477 3465 541 3525 plus

51 3529 135 3575 extulit
144 3544 221 3592 quam
235 3529 309 3575 domo
320 3546 367 3576 sua
381 3530 466 3591 (when
484 3529 541 3578 dur·

52 3588 90 3652 Ing
99 3593 137 3642 his
149 3595 302 3657 consulship
315 3595 376 3643 with
393 3596 491 3644 Caesar
508 3596 541 3643 he

52 3655 105 3705 shut
116 3661 222 3710 himself
234 3678 269 3723 up
278 3662 304 3708 in
317 3661 357 3710 his
367 3678 425 3710 own
438 3663 540 3724 house),

53 3724 202 3775 adniteretur
233 3730 264 3776 de
295 3730 433 3789 triumpho,
463 3745 542 3791 aequo

592 2931 669 2992 quod
694 2930 841 2978 maluero:
870 2932 907 2977 ia.
928 2944 943 2977 a
966 2931 1089 2993 triumph.

593 2998 650 3045 The
666 2997 816 3059 expression
834 2996 954 3044 contains
972 3013 987 3044 a
1005 2998 1090 3045 thrust

592 3071 619 3111 at
632 3064 700 3111 Cato
713 3062 755 3109 for
764 3062 804 3109 his
817 3064 995 3126 presumption
1006 3064 1032 3110 in
1042 3071 1090 3127 try·

591 3131 636 3192 ing
649 3137 676 3178 to
689 3145 779 3177 secure
794 3129 837 3176 for
855 3129 948 3178 Cicero
964 3146 980 3177 a
995 3132 1090 3177 resolu-

593 3197 648 3244 tion
661 3196 876 3259 complimenting
892 3196 945 3243 him
963 3211 1032 3259 upon
1045 3196 1089 3244 the

593 3263 760 3325 uprightness
776 3262 805 3309 of
823 3262 863 3310 his
881 3262 1089 3310 administration

594 3330 637 3392 (cf.
652 3331 699 3392 Ep.
711 3330 856 3377 XXXVII.
871 3328 894 3391 Ι)
907 3329 949 3376 for
961 3329 1043 3375 which
1057 3328 1089 3377 he

592 3396 644 3443 had
654 3404 701 3443 not
710 3396 800 3453 asked‚
808 3395 911 3443 instead
921 3396 949 3442 of
961 3411 976 3442 a
986 3395 1091 3443 thanks-

592 3464 680 3525 giving
697 3463 748 3510 and
767 3478 783 3510 a
805 3462 920 3525 possible
943 3462 1031 3509 future
1049 3462 1090 3509 tri-

594 3530 681 3591 umph,
711 3529 794 3577 which
824 3530 856 3576 he
886 3528 930 3576 did
959 3528 1048 3575 desire.
1062 3556 1091 3563 -

593 3597 747 3644 scribendo
760 3596 890 3643 adfuisti:
908 3597 945 3641 ia.
960 3595 1032 3641 when
1046 3594 1090 3642 the

593 3661 637 3709 bill
650 3678 702 3710 was
718 3662 805 3709 drawn
825 3678 859 3723 up
878 3662 904 3708 ln
922 3662 989 3723 legal
1006 3661 1090 3720 form;

593 3728 626 3776 cf.
638 3730 714 3791 legem
734 3730 943 3789 conscripserunt,
964 3728 1011 3789 Ep.
1031 3727 1089 3775 XV.
