2575 4200
38 228 104 273 Fam.
118 239 140 288 9.
159 225 207 291 rb]
370 226 538 276 CICERO'S
564 226 739 274 LETTERS.
1033 223 1081 273 189

35 394 118 474 quod
136 414 177 456 eo
195 415 283 457 nunc
301 394 407 476 magis
424 394 516 469 facit,
535 393 612 476 quia
628 393 746 455 vivunt
764 413 895 456 mecum
913 392 984 454 fere
1001 393 1080 455 coti-

35 501 84 562 die
109 501 197 564 illius
221 501 416 578 familiares;
444 501 596 564 incidunt
622 510 734 564 autem
760 501 793 563 in
819 520 973 564 sermone
989 501 1079 562 vario

34 609 136 672 multa
161 630 245 692 quae
269 610 413 672 fortasse
438 609 513 685 illis,
533 630 608 673 cum
627 609 704 684 dixi,
723 630 785 672 nec
810 609 993 671 inlitterata
1017 629 1079 672 nec

34 717 157 780 insulsa
174 738 249 780 esse
265 719 442 781 videantur
449 740 457 795 ;
482 719 564 781 haec
581 718 622 780 ad
634 717 731 794 ¹illum
751 738 826 781 cum
844 717 979 799 reliquis
996 718 1079 780 actis

33 826 247 906 perferuntur
254 847 262 903 ;
279 827 326 889 ita
343 827 431 889 enim
450 827 522 908 ipse
540 825 720 889 mandavit.
765 825 821 889 Sic
839 827 876 887 fit
894 835 940 900 ut,
956 825 984 888 si
1000 825 1078 907 quid

34 943 203 1014 praeterea
216 935 257 997 de
269 956 322 998 me
334 918 457 1010 audiat,
472 955 539 997 non
553 935 756 997 audiendum
771 944 877 1016 putet.
912 933 1079 1016 Quamob-

33 1062 98 1103 rem
120 1041 295 1106 Oenomao
317 1053 376 1106 tuo
400 1043 480 1106 nihil
504 1053 593 1119 utor;
620 1043 685 1105 etsi
708 1042 850 1124 posuisti
871 1042 944 1105 loco
961 1062 1078 1104 versus

33 1149 209 1215 Accianos.
262 1150 328 1214 Sed
346 1171 430 1234 quae
453 1161 505 1213 est
525 1150 683 1214 ‘invidia'
702 1161 758 1213 aut
781 1150 858 1233 quid
884 1149 965 1212 mihi
989 1171 1078 1212 nune
1099 1175 1111 1226 5

33 1258 171 1320 invideri
203 1260 341 1340 potest?
404 1259 531 1322 Verum
560 1258 614 1323 fac
644 1280 719 1322 esse
745 1259 875 1335 omnia;
908 1258 955 1321 sic
981 1258 1077 1320 video

32 1366 237 1448 philosophis
270 1368 446 1449 placuisse,
474 1368 512 1430 iis
546 1369 605 1450 qul
635 1367 717 1430 mihi
747 1367 808 1430 soli
832 1367 988 1429 videntur
1010 1367 1077 1429 vim

32 1475 164 1538 virtutis
189 1485 315 1550 tenere,
334 1476 415 1538 nihil
441 1496 516 1538 esse
541 1477 702 1558 sapientis
727 1485 898 1557 praestare
923 1475 987 1538 nisi
1012 1475 1078 1538 cul-

33 1603 116 1662 pam,
145 1604 210 1665 qua
242 1583 323 1645 mihi
349 1584 464 1647 videor
492 1583 667 1666 dupliciter
701 1604 823 1658 carere,
854 1592 887 1645 et
920 1584 1006 1666 quod
1039 1603 1077 1646 ea

33 1691 192 1753 senserim
218 1711 303 1773 quae
329 1693 514 1755 rectissima
539 1692 687 1767 fuerunt,
716 1702 749 1754 et
773 1692 870 1774 quod,
890 1712 964 1754 cum
990 1692 1077 1753 vide-

33 1818 98 1860 rem
128 1799 274 1881 praesidi
300 1821 368 1863 non
395 1801 477 1863 satis
505 1820 579 1863 esse
603 1802 645 1862 ad
672 1820 711 1862 ea
735 1800 925 1874 obtinenda,
951 1791 1076 1861 viribus

34 1908 226 1970 certandum
260 1929 335 1971 cum
361 1908 600 1971 valentioribus
633 1929 700 1970 non
729 1908 896 1990 putarim;
930 1927 1009 1988 ergo
1042 1907 1075 1969 in

33 2014 137 2078 officio
155 2017 235 2078 boni
252 2017 334 2080 civis
352 2027 443 2080 certe
467 2037 533 2079 non
559 2038 632 2078 sum
658 2016 961 2097 reprehendendus.
1013 2016 1076 2078 Re·

33 2123 153 2205 liquum
179 2136 241 2200 est,
262 2146 305 2187 ne
329 2126 407 2207 quid
433 2126 546 2201 stulte,
566 2147 608 2188 ne
633 2126 711 2208 quid
737 2135 863 2187 temere
888 2124 995 2187 dicam
1019 2135 1075 2186 aut

32 2230 147 2294 laciam
166 2242 284 2296 contra
301 2234 460 2315 potentis.
508 2234 545 2295 Id
563 2254 695 2316 quoque
711 2243 793 2315 puto
811 2253 885 2295 esse
903 2232 1074 2313 sapientis.

34 2338 151 2404 Cetera
163 2361 252 2416 ver0,
267 2341 346 2424 quid
362 2342 503 2424 quisque
520 2362 573 2404 me
589 2341 713 2404 dixisse
730 2342 818 2404 dicat
836 2350 892 2403 aut
910 2341 1075 2422 quomodo

33 2446 83 2510 ille
99 2450 242 2531 accipiat
261 2460 317 2512 aut
335 2471 399 2533 qua
422 2451 486 2512 fide
512 2470 642 2513 mecum
660 2450 774 2512 vivant
800 2450 822 2511 ii
839 2449 895 2531 qui
919 2469 973 2510 me
997 2450 1075 2511 assi·
1106 2468 1108 2472 ’

31 2586 93 2636 form
132 2590 286 2651 Quintilian,
322 2591 449 2646 however,
485 2607 526 2639 ex·
592 2584 634 2654 ’5.
654 2590 716 2639 sic:
734 2590 845 2651 limiting
862 2590 1006 2651 placuisse
1024 2589 1075 2637 and

31 2669 128 2715 presses
143 2655 177 2720 (6.
191 2672 213 2721 3.
229 2657 253 2721 5)
268 2672 284 2705 a
301 2658 388 2706 rather
408 2658 525 2705 unfavor-
578 2656 714 2719 explained
738 2657 771 2720 by
794 2656 865 2704 nihil
884 2690 932 2703 ...
952 2656 1075 2718 culpam.

30 2721 84 2769 able
97 2724 328 2785 opinion-cum
344 2724 461 2787 reliquis
480 2738 526 2772 ac·
580 2722 621 2770 Cl.
640 2726 676 2771 sic
693 2725 786 2779 habeto,
809 2737 822 2769 2
843 2731 1074 2784 n.-praestare,

31 2788 73 2845 tis,
81 2791 143 2836 with
154 2791 196 2837 tlte
205 2798 257 2837 rest
265 2791 340 2853 oftlee
349 2792 419 2852 adzy's
429 2793 525 2853 dot'ngs.
578 2796 602 2836 lo
624 2790 651 2837 be
673 2790 824 2851 responsible
838 2790 904 2852 sor,·
928 2791 1076 2853 commonly

30 2855 219 2904 ——Oenomao
234 2864 300 2905 tuo:
321 2858 423 2913 Paetus
437 2857 527 2905 witha
580 2855 643 2903 used
663 2857 723 2904 with
744 2872 760 2903 a
778 2856 852 2917 thing
870 2863 897 2902 to
915 2855 948 2903 be
966 2855 1075 2912 desired,

31 2920 157 2985 flattering
180 2923 338 2985 application
368 2932 395 2970 to
425 2923 525 2979 Cicero,
578 2938 621 2985 ng.
633 2924 790 2986 felicitatem,
801 2922 848 2969 but
860 2922 920 2970 here
930 2922 1074 2986 employed,

30 2985 78 3033 had
101 2988 202 3051 quoted
225 2989 269 3037 the
294 2989 378 3037 words
402 2989 430 3036 of
456 2990 526 3051 King
578 3004 607 3036 as
630 2990 653 3037 is
674 3005 731 3036 now
750 2988 801 3036 and
824 2989 885 3035 then
904 2989 946 3036 the
966 2989 1074 3051 English

31 3053 180 3103 Oenomaus
196 3055 265 3103 from
279 3056 323 3103 the
344 3058 485 3103 Oenomaus
498 3055 527 3103 of
577 3055 672 3117 phrase
685 3055 718 3120 by
727 3055 810 3103 which
822 3055 842 3102 it
854 3056 876 3103 is
889 3055 1037 3113 translated,
1047 3056 1076 3103 of

31 3121 133 3169 Accius:
165 3122 209 3169 the
233 3122 296 3183 king
313 3122 409 3184 speaks
434 3122 462 3169 ol
485 3122 525 3170 his
577 3122 680 3184 athing
692 3130 719 3169 to
732 3122 764 3169 be
776 3120 892 3184 guarded
905 3122 1022 3183 against;
1041 3122 1077 3169 cf·

29 3188 140 3246 position
155 3188 231 3236 made
240 3188 346 3237 difficult
359 3188 392 3252 by
402 3188 447 3236 the
459 3204 526 3252 envy

30 3252 56 3298 ol
72 3269 139 3310 men,
153 3254 205 3302 and
222 3270 357 3317 compares
376 3254 480 3302 himself
497 3262 525 3302 to

31 3321 133 3377 arock,
153 3336 187 3369 on
212 3321 295 3369 which
320 3321 364 3369 the
388 3336 473 3368 waves
497 3320 526 3367 of

31 3399 92 3450 envy
100 3387 168 3435 beat.
187 3389 287 3435 Sanum
301 3388 332 3434 id
333 3388 402 3450 socz't
412 3388 524 3450 angusti-

31 3457 108 3508 tatem,
121 3462 145 3501 et
160 3454 207 3501 sub
224 3470 250 3501 eo
268 3470 331 3502 saxo
349 3454 492 3501 exuberans
507 3450 510 3517 l

30 3518 143 3568 Scatebra
148 3521 251 3583 flumbo
267 3521 337 3567 radit
349 3527 446 3581 rupem.
483 3519 523 3567 Cf.

32 3582 151 3641 Ribbeck,
167 3588 192 3633 T
188 3603 241 3646 rag.
254 3588 329 3633 Rom.
343 3588 419 3648 Frog.
432 3601 457 3648 p.
469 3600 523 3641 201,

32 3650 78 3697 and
100 3654 170 3700 Rom.
195 3654 270 3714 Trng.
295 3669 319 3715 p.
344 3653 523 3716 437.-loco,

31 3721 162 3783 appositely
174 3719 281 3783 enough.

582 3188 654 3234 71]).
663 3202 685 3251 3.
695 3204 726 3251 34
734 3191 802 3237 videt
808 3192 909 3251 culpam
920 3192 1020 3237 nullam
1029 3207 1080 3237 esse

576 3270 632 3300 cum
648 3256 682 3311 id,
695 3257 764 3316 quod
772 3256 803 3302 ab
814 3258 916 3303 homine
929 3272 979 3302 non
993 3263 1079 3316 potue-

576 3322 614 3366 rit
624 3325 762 3381 praestari,
772 3322 962 3369 evenerit—in
976 3322 1077 3376 officio,

576 3387 605 3432 in
622 3402 650 3433 so
659 3387 711 3448 for
727 3402 756 3433 as
773 3388 794 3433 it
810 3401 928 3432 concerns
945 3385 987 3432 the
1003 3386 1073 3446 duty.

578 3452 618 3499 Cf.
634 3453 746 3500 liberalis
764 3453 791 3498 in
805 3453 908 3512 populo,
925 3453 975 3497 Att.
994 3466 1017 3509 4.
1036 3464 1073 3511 17.

576 3532 591 3581 3
602 3534 609 3579 ;
638 3535 687 3581 quo
710 3535 749 3565 me
769 3520 856 3564 animo
875 3520 904 3563 in
924 3522 1005 3565 servis
1025 3534 1075 3564 esse

575 3601 665 3640 censes,
679 3585 708 3643 Q.
714 3585 756 3647 sr.
772 3598 792 3630 1.
809 3598 827 3629 r.
844 3597 880 3643 17,
893 3583 945 3631 and
959 3583 1032 3631 often
1047 3585 1073 3630 in

576 3651 621 3700 the
634 3649 856 3699 Letters.-ille:
875 3651 913 3698 tle.
927 3650 1033 3699 Caesar.
