2575 4200
204 315 206 318 Ι
225 256 272 306 132
558 246 727 305 clc'ERO’s
752 253 925 304 LETTERS.
1065 255 1126 321 [Ep.
1139 256 1250 303 XXXll'.

223 424 280 506 qui
305 425 363 486 uni
388 424 450 486 tibi
474 434 525 487 est
551 424 695 486 maxime
720 423 940 487 necessarius.
991 423 1086 505 Quae
1115 423 1145 485 si
1171 424 1253 485 etiarn

225 532 349 594 maiora
379 540 468 605 sunt,
500 540 533 593 et
566 531 599 593 in
633 531 789 594 omnibus
829 531 970 594 saeculis
1004 531 1179 612 pauciores
1209 531 1254 592 viri

224 639 349 720 reperti
373 648 452 701 sunt
485 638 542 722 qui
574 659 652 701 suas
685 639 887 720 cupiditates
911 659 1011 720 quam
1035 639 1092 721 qui
1121 640 1255 702 hostium

225 747 336 829 copias
353 747 536 821 vincerent,
555 755 607 809 est
630 747 784 828 profecto
809 756 914 821 tuum,
934 767 1009 810 cum
1034 748 1075 809 ad
1100 767 1157 809 res
1182 747 1255 809 belli-

225 875 280 918 cas
297 855 379 918 haec
395 875 481 938 quae
497 855 622 917 rariora
638 863 672 917 et
690 854 877 917 difficiliora
899 865 978 917 sunt
994 875 1119 937 genera
1135 856 1256 917 virtutis

224 963 423 1039 adiunxeris,
442 963 531 1044 ipsas
556 963 658 1026 etiam
677 963 749 1025 illas
767 983 821 1025 res
837 971 951 1045 gestas
970 963 1125 1026 iustiores
1144 974 1254 1026 esse-et

177 1082 207 1133 :6
225 1071 366 1134 maiores
383 1080 511 1154 putare.
555 1072 751 1133 Extremum
770 1070 851 1132 illud
869 1080 930 1145 est,
950 1079 986 1133 ut
1004 1071 1099 1153 quasi
1116 1071 1256 1133 diffidens

224 1179 391 1261 rogationi
416 1199 510 1242 meae
534 1160 779 1261 philosophiam
804 1179 846 1241 ad
869 1189 905 1242 te
929 1179 1091 1260 adlegem,
1118 1199 1185 1261 qua
1207 1198 1256 1240 nec

225 1287 307 1349 mihi
324 1287 429 1350 carior
445 1286 512 1349 ulla
528 1308 674 1370 unquam
698 1307 751 1349 res
776 1287 810 1349 in
827 1288 896 1349 vita
919 1286 983 1350 iuit
1009 1307 1072 1350 nec
1097 1287 1256 1349 hominurn

225 1396 341 1477 generi
365 1395 472 1458 maius
497 1416 516 1458 a
540 1395 603 1458 diis
628 1416 751 1458 munus
780 1395 883 1458 ullum
917 1403 968 1458 est
997 1395 1122 1458 datum.
1176 1395 1257 1456 Haec

226 1503 328 1585 igitur
352 1524 437 1584 quae
466 1503 546 1565 mihi
571 1512 684 1567 tecum
710 1504 897 1566 communis
922 1512 973 1565 est
1000 1503 1145 1566 societas
1170 1503 1257 1565 studi-

226 1631 319 1673 orum
338 1619 438 1692 atque
455 1611 576 1673 artium
597 1620 796 1686 nostrarum,
816 1611 937 1702 quibus
961 1631 981 1673 a
1004 1611 1151 1692 pueritia
1166 1611 1257 1673 dediti

227 1740 264 1782 ac
282 1719 430 1782 devincti
456 1719 517 1781 soli
543 1720 783 1800 propemodum
810 1740 870 1781 nos
895 1719 1140 1800 philosophiam
1158 1740 1257 1781 veram

226 1827 315 1889 illam
333 1837 366 1890 et
384 1828 565 1909 antiquam,
585 1848 670 1910 quae
687 1828 885 1909 quibusdam
903 1828 951 1890 oti
969 1847 1044 1890 esse
1067 1848 1105 1890 ac
1123 1806 1273 1890 desidiae

226 1935 366 2009 videtur,
386 1935 419 1996 in
436 1936 544 1997 iorum
563 1946 664 2017 atque
681 1936 715 1997 in
733 1956 802 1998 rem
820 1957 851 2017 p.
870 1945 971 2018 atque
988 1936 1022 1997 in
1040 1936 1146 2018 ipsam
1164 1937 1257 1998 aciem

227 2064 333 2126 paene
349 2043 556 2119 deduximus,
575 2054 687 2108 tecum
705 2043 775 2127 agit
793 2045 835 2107 de
852 2064 927 2107 mea
950 2044 1057 2119 laude,
1077 2045 1130 2108 cui
1155 2043 1272 2126 negari¹

150 2190 152 2196 ·
227 2173 246 2215 a
263 2152 392 2215 Catone
408 2152 459 2215 fas
477 2173 551 2215 esse
569 2173 636 2214 non
654 2163 745 2234 puto.
795 2152 1023 2236 Quamobrem
1041 2152 1103 2216 tibi
1127 2153 1177 2216 sic
1202 2174 1259 2233 per·

228 2262 368 2324 suadeas
385 2260 500 2323 velim:
525 2261 553 2323 si
570 2261 653 2322 mihi
669 2270 729 2324 tua
745 2262 915 2324 sententia
931 2261 1078 2323 tributus
1098 2261 1206 2323 honos
1229 2281 1259 2322 ex

227 2369 309 2432 meis
326 2368 448 2431 litteris
465 2369 577 2452 luerit,
597 2370 716 2433 mesic
734 2370 1011 2443 existimaturum,
1031 2390 1106 2432 cum
1132 2368 1259 2431 auctori-

226 2487 297 2540 tate
315 2488 382 2552 tua,
401 2486 474 2539 tum
493 2477 728 2540 benevolentia
746 2498 825 2560 erga
842 2498 895 2539 me
913 2477 1003 2552 mihi,
1022 2477 1112 2559 quod
1130 2469 1272 2540 maximel

227 2586 397 2667 cupierim,
415 2585 610 2666 contigisse.

228 2742 424 2797 Ariobarzanes,
433 2742 465 2790 cf.
473 2741 500 2801 63
510 2742 552 2791 for
562 2742 603 2791 his
612 2743 724 2792 services

228 2817 255 2856 to
269 2810 379 2873 Cyprus,
392 2808 509 2872 cisalso,
523 2824 536 2856 2
550 2825 574 2856 n.

264 2874 300 2922 16.
319 2875 532 2939 philosophiam
545 2890 655 2924 veram:
669 2876 724 2924 Cic-

228 2957 278 2996 ero,
297 2942 370 2999 inso
388 2942 428 2989 far
445 2958 474 2990 as
495 2942 577 2990 ethics
595 2958 648 2989 was
666 2958 724 2990 con-

228 3008 328 3064 cerned,
341 3024 401 3065 was,
412 3008 464 3056 like
483 3009 559 3065 Cato,
572 3024 587 3056 a
607 3008 724 3057 Stoic-

227 3089 301 3137 quae
323 3109 330 3122 .
350 3109 357 3122 .
377 3109 384 3122 .
402 3075 533 3123 videtur:
563 3076 607 3123 the
635 3075 724 3123 innate

227 3141 360 3204 prejudice
381 3141 409 3188 of
426 3141 471 3189 the
489 3142 604 3189 Romans
621 3142 723 3203 against

228 3207 296 3255 what
309 3208 401 3256 Cicero
417 3207 555 3254 elsewhere
570 3208 633 3269 (Art.
648 3222 669 3254 2.
685 3207 722 3256 16.

228 3274 253 3337 3)
268 3274 331 3321 calls
347 3274 360 3319 ὁ
377 3274 517 3333 θεωρητικὸς
535 3276 586 3333 βίος
599 3289 651 3322 was
663 3289 724 3338 very

227 3349 325 3403 strong.
333 3352 389 3387 —a
403 3340 513 3387 Catone
525 3356 530 3386 :
545 3338 587 3386 ior
599 3354 615 3387 a
626 3340 724 3388 similar

775 2743 894 2792 effective
903 2759 949 2791 use
957 2743 986 2791 oi
995 2743 1040 2791 the
1049 2758 1144 2806 proper
1151 2758 1220 2791 noun
1227 2742 1259 2789 fon

774 2810 820 2859 the
831 2825 960 2872 pronoun,
973 2809 1005 2858 cf.
1018 2811 1091 2857 Fam.
1106 2824 1129 2856 2.
1142 2824 1166 2868 4.
1182 2824 1191 2856 1
1208 2809 1260 2872 qnid

774 2884 811 2923 est
821 2878 890 2940 quod
893 2879 977 2938 possit
988 2879 1107 2939 gravt'ter
1122 2893 1138 2924 α
1154 2878 1258 2924 Cicerone

775 2944 852 2991 scribi
867 2946 904 2991 ad
924 2945 1058 2991 Curionem
1080 2942 1194 3004 (instead
1210 2942 1257 2988 oin

775 3026 814 3056 me
825 3011 902 3057 scribi
912 3012 949 3058 ad
958 3009 990 3071 te)
999 3011 1008 3056 i
1016 3037 1049 3044 —
1058 3024 1094 3057 ex
1106 3010 1182 3057 meis
1195 3009 1258 3056 litte·

775 3075 828 3124 ris:
846 3077 883 3122 i.e.
897 3091 932 3123 on
945 3076 989 3124 the
1007 3075 1077 3123 basis
1095 3076 1125 3122 of
1142 3075 1188 3123 the
1204 3075 1257 3121 facts

774 3141 861 3190 stated
876 3142 903 3189 in
922 3142 973 3190 this
991 3142 1068 3190 letter
1084 3140 1137 3189 and
1155 3142 1181 3189 in
1198 3144 1257 3188 Fam.

777 3220 814 3271 15·
829 3221 838 3254 1
854 3207 905 3255 and
919 3222 940 3263 2,
953 3207 1097 3256 addressed
1115 3217 1143 3256 to
1160 3208 1205 3255 the
1215 3222 1258 3254 sen·

774 3282 824 3321 ate.
871 3276 923 3322 For
945 3276 1046 3323 litterae
1064 3274 1094 3322 of
1111 3289 1184 3322 more
1206 3274 1257 3320 than

774 3353 825 3388 one
837 3340 920 3396 letter,
933 3340 967 3387 cf.
980 3340 1028 3403 Ep.
1042 3340 1143 3388 XCIX.
1160 3354 1170 3387 1
1185 3355 1210 3387 n.
